3060 5083
1061 217 1154 270 De·
1180 217 1370 272 Plauti
1407 217 1791 274 substantivis.
2428 275 2435 280 .
2472 217 2601 284 637

1137 388 1239 447 10.
1292 386 1723 461 paniculum.

433 488 673 549 Brixius
713 490 789 550 ad
826 491 953 549 Mil.
993 492 1144 568 glor.
1187 495 1294 551 18:

647 572 900 649 ‘Quoius
937 583 1006 638 tu
1052 581 1316 657 legiones
1357 582 1667 642 difflavisti
1704 582 1936 657 spiritu.

646 668 830 739 Quasi
867 673 1082 729 ventus
1121 669 1276 748 'folia
1323 676 1429 730 aut
1464 671 1809 746 paniculum
1848 665 2203 731 tectorium?

252 749 393 837 (hoc
422 775 540 816 uno
568 757 696 817 loco
724 758 949 835 legitur
986 752 1377 835 epaniculum'
1415 761 1577 836 apud
1604 755 1914 840 Plautum)
1952 761 2226 820 adnotat:
2266 755 2599 838 ‘paniculus

247 864 367 904 nur
403 847 534 904 hier
571 865 776 922 masc.3
827 850 995 907 sonst
1032 850 1183 907 stets
1220 843 1542 924 panicula'.
1614 848 1685 908 Id
1722 851 1879 924 quod
1922 849 2140 908 iniuria
2177 851 2324 909 mihi
2360 853 2603 910 videtur·

246 953 622 1012 asseverare3
653 941 794 995 nam'
822 937 1257 997 deminutivum
1285 955 1416 997 esse
1447 932 1835 1050 panicuelum'
1868 957 2043 997 nemo
2070 942 2276 1015 neget.
2317 943 2381 999 at
2406 959 2599 1016 neque

248 1016 542 1100 panicus'
589 1044 784 1102 neque
833 1019 1108 1102 panica'
1146 1027 1472 1102 invenitur,
1521 1020 1695 1085 sed‘
1707 1021 2025 1103 panicum'.
2040 1019 2117 1107 ⁶⁰)
2191 1028 2321 1088 Hoc
2360 1029 2599 1104 quidem

245 1132 286 1171 a
325 1107 530 1189 pano'
570 1106 932 1196 ductum⁶¹):
971 1108 1138 1174 ‘sunt
1175 1118 1236 1174 et
1271 1116 1481 1191 panico
1511 1134 1759 1192 genera:
1796 1135 2125 1176 mammosa
2154 1135 2185 1176 e
2212 1136 2367 1193 pano
2396 1119 2597 1192 parvis

249 1207 556 1263 racemata
592 1204 910 1280 paniculiS,
948 1208 1010 1263 et
1046 1204 1349 1263 cacumine
1387 1199 1666 1280 gemino’.

427 1293 878 1353 Deminutivum
925 1293 1116 1368 igitur
1159 1312 1277 1352 non
1329 1313 1365 1352 a
1417 1287 1673 1369 ‘panus'
1724 1285 1960 1375 (masc.)
2018 1295 2122 1354 sed
2176 1314 2213 1353 a
2264 1289 2595 1370 panicum'

247 1373 504 1461 (neutr.)
544 1382 895 1458 derivatum,
931 1383 1185 1459 ideoque
1222 1383 1563 1458 paniculum
1600 1375 1852 1463 (neutr.)
1888 1383 2126 1442 Brixius
2164 1383 2423 1443 debebat
2459 1385 2597 1444 scri-

241 1469 406 1528 bere.
459 1501 534 1512 ——
593 1471 724 1530 Uno
769 1475 974 1531 nostro
1020 1473 1149 1532 loco
1197 1472 1307 1532 hoc
1351 1472 1645 1530 habemus
1683 1475 1991 1548 neutr3um
2042 1491 2113 1532 ex
2150 1491 2219 1532 eo
2254 1476 2464 1531 natum
2502 1476 2598 1532 est

239 1559 595 1618 femininum
609 1551 714 1639 66),
761 1560 920 1635 quod
964 1561 1281 1636 paullatim
1327 1560 1663 1637 legitimam
1708 1562 1961 1621 formam
2008 1563 2254 1638 expulit,
2310 1563 2397 1621 ita
2445 1565 2537 1621 ut·
2560 1581 2597 1621 a

240 1647 444 1707 Plinio
482 1667 668 1707 unum
705 1650 985 1724 panicula
1023 1651 1432 1726 usurparetur.

1219 1795 1319 1851 11.
1375 1811 1617 1869 perna.

427 1897 610 1958 Saalf.
665 1899 1028 1958 translatum
1079 1899 1274 1975 duxit,
1327 1899 1783 1959 Tuchhaendler
1794 1891 1871 1979 66)
1924 1901 2051 1960 sine
2101 1901 2469 1977 argumentis
2520 1901 2595 1960 iis

237 1986 491 2046 vocibus
529 1987 831 2065 adiungit,
871 2006 1018 2063 quas
1058 2007 1128 2046 ex
1167 2007 1386 2064 graeca
1421 1989 1629 2063 lingua
1664 2007 1779 2046 non
1814 1990 2037 2064 petitas
2074 1993 2289 2065 putat.

425 2076 494 2136 In
535 2075 818 2152 Stephani
858 2076 1149 2136 Thesauri
1195 2076 1456 2136 editione
1502 2076 1777 2136 Parisina
1822 2081 2107 2153 quattuoi
2151 2081 2387 2138 tantum
2434 2079 2593 2138 locos

233 2165 446 2224 inveni
478 2165 864 2242 perscriptOS,
903 2166 1170 2242 singulos
1211 2165 1520 2226 Strabonis
1561 2169 1622 2224 et
1657 2167 1967 2241 Athenaei,
2008 2168 2125 2228 duo
2163 2167 2441 2226 Pollucis.
2446 2159 2526 2245 ⁰4)

423 2255 668 2313 Rectam
705 2259 854 2330 puto
896 2254 1239 2313 Schneideri
1252 2246 1332 2335 65)
1370 2255 1725 2314 sententiam
1766 2247 1944 2335 (quae
1981 2256 2066 2315 ibi
2101 2257 2349 2316 laudata
2388 2248 2539 2335 est).

424 2336 762 2403 Strabonis
814 2347 876 2404 et
921 2343 1216 2404 Athenaei
1267 2343 1591 2403 auctoritas
1646 2345 1721 2402 ad
1769 2363 1896 2404 rem
1942 2365 2061 2406 non
2106 2345 2393 2422 pertinet,
2446 2363 2591 2403 usus

235 2430 404 2489 enim
451 2435 704 2507 uterque
751 2436 844 2492 est
888 2451 1031 2492 voce
1075 2435 1206 2492 tum
1252 2426 1653 2510 pervulgata'.
1726 2433 1953 2494 Verum
1998 2435 2108 2494 hoc
2155 2452 2285 2493 esse
2331 2435 2595 2492 testatur

234 2521 400 2579 alter
445 2520 705 2581 Pollucis
751 2523 916 2582 locus
930 2513 1034 2601 66),
1085 2519 1191 2581 'ubi
1230 2522 1303 2581 de
1353 2515 1561 2598 ἐκέλη
1600 2515 1759 2585 ΝΡ.’
1806 2523 2103 2583 disserens
2140 2524 2289 2583 talia
2332 2523 2589 2600 profert:

237 2604 257 2633 ‘
314 2655 330 2668 .
361 2655 374 2669 .
404 2606 604 2669 εκελίε
642 2606 681 2686 ἡ
721 2610 857 2671 νῦν
895 2608 1250 2686 καλουμένη
1289 2608 1496 2685 πέρνα
1527 2657 1541 2670 .
1571 2657 1583 2670 .
1616 2606 1653 2669 .'

425 2699 516 2757 Ex
551 2719 668 2775 quo
707 2702 958 2801 apparet
994 2700 1298 2760 Pollucem
1335 2720 1455 2760 non
1492 2704 1695 2760 vetere
1740 2701 1923 2761 verbo
1973 2721 2188 2779 graeco
2225 2722 2403 2761 usum
2441 2720 2591 2776 esse,

238 2788 351 2847 sed
389 2790 546 2869 quod
584 2794 706 2847 tum
740 2789 803 2847 in
840 2808 953 2849 usu
990 2789 1192 2854 fuerit.
1256 2789 1522 2867 Accedit,
1560 2791 1717 2866 quod
1753 2785 2065 2849 latinum‘
2070 2784 2279 2867 perna'
2318 2792 2589 2850 omnibus

234 2878 612 2953 temporibus
652 2878 712 2936 in
750 2898 862 2938 usu
899 2877 1016 2937 fuit
1031 2869 1109 2959 ⁶⁷)
1147 2881 1211 2937 et
1247 2898 1285 2937 a
1322 2875 1506 2939 com·
1521 2880 1725 2955 perni-
1742 2872 1793 2938 s'
1837 2873 1955 2937 et‘
1959 2900 2130 2956 pern·
2135 2874 2237 2953 ix',
2284 2898 2417 2956 sup·
2421 2899 2589 2955 pern-

235 2959 404 3025 atus'
457 2968 768 3044 segregari
822 2967 1056 3044 nequit,
1112 2966 1174 3024 in
1228 2968 1444 3044 quibus
1491 2962 1834 3027 omnibus
1846 2963 2039 3044 pern-⁹
2204 2962 2451 3027 ‘femur'
2500 2988 2591 3028 co-

234 3056 569 3129 gnoscitur.

423 3143 912 3203 Tuchhaendlero
951 3144 1139 3221 igitur
1176 3146 1540 3222 adstipulor.·

1253 3292 1351 3347 12.
1407 3294 1587 3349 rosa.

421 3392 476 3450 A
515 3391 837 3452 Saalfeldio
889 3397 949 3452 et
987 3394 1478 3455 Tuchhaendlero
1529 3395 1839 3471 omissum3
1884 3396 2061 3455 valde
2107 3395 2428 3455 verisimile
2476 3398 2589 3471 est,

234 3481 393 3539 illud
430 3482 812 3557 peregrinum
849 3502 922 3541 ex
959 3483 1109 3543 Asia
1147 3484 1223 3542 ad
1263 3483 1520 3543 Graecos
1560 3486 1919 3543 translatum
1960 3503 2116 3563 esse,
2159 3485 2263 3542 sed
2301 3484 2427 3543 sine
2465 3485 2590 3543 ulla

231 3569 616 3630 dubitatione
654 3589 690 3629 a
728 3570 970 3631 Graecis
1012 3574 1088 3631 ad
1126 3574 1423 3632 Romanos
1461 3565 1833 3652 pervenit.⁶⁸)

271 3682 276 3685 Ι
1223 3717 1321 3774 13.
1379 3716 1604 3777 simia.

233 3906 478 3967 culento
509 3911 655 3969 2.2.
691 3912 789 3969 14.
845 3908 1036 3977 Quam
1073 3909 1329 3969 bestiam
1367 3914 1547 3985 poeta
1582 3911 1881 3986 respiciat,
1919 3930 1989 3969 ex
2016 3911 2284 3970 Arnobio
2296 3904 2377 3993 69)
2416 3914 2590 3974 disci-

233 4056 425 4095 sumo:
459 4040 735 4110 ‘Hehn³p
741 4042 929 4095 .'.513
954 4072 1022 4081 —
1053 4042 1123 4111 66)
1152 4041 1297 4097 Plin.
1326 4046 1440 4099 nat
1470 4043 1601 4097 hist.
1632 4044 1814 4097 XVIII
1852 4049 1920 4097 54
1950 4045 2007 4098 et
2033 4044 2372 4113 saepius.—
2403 4048 2471 4116 61)
2503 4048 2583 4103 cf.

233 4110 480 4194 eundem
513 4111 655 4165 Plin.
695 4111 820 4167 loco
859 4112 1049 4168 allato.
1091 4141 1160 4153 -—
1207 4113 1276 4183 ⁶²)
1316 4115 1396 4169 Cf.
1435 4117 1813 4182 caementum,
1861 4116 2099 4181 -menta3
2138 4118 2371 4185 sertum,
2410 4122 2585 4186 serta3

231 4182 361 4235 sim.
403 4211 471 4220 —
511 4182 580 4250 66)
603 4183 677 4285 P.
721 4190 802 4239 17.
833 4214 901 4223 —
932 4184 1001 4253 ⁰⁴)
1041 4184 1222 4239 Strab.
1264 4192 1295 4240 3
1333 4204 1388 4255 p.
1421 4192 1548 4251 1623
1588 4186 1790 4240 Athen.
1832 4191 1897 4239 14
1935 4204 1989 4255 p.
2024 4193 2154 4253 6573
2192 4189 2584 4256 Pon.2‚193;

233 4259 289 4318 6,
334 4257 414 4305 52.
474 4283 542 4292 —
603 4253 802 4321 ⁶⁵)Ad
841 4255 1035 4309 Caton.
1075 4257 1127 4311 d.
1166 4272 1224 4309 re
1261 4260 1396 4311 rust.
1436 4275 1490 4325 p.
1530 4263 1651 4312 213.
1689 4262 1809 4311 214.
1862 4288 1931 4297 -
1986 4258 2051 4323 66)
2087 4257 2228 4313 Poll.
2268 4266 2318 4327 2,
2360 4266 2475 4314 193.
2516 4286 2595 4300 -·

233 4294 312 4393 67)
355 4322 436 4380 cf.
465 4322 650 4381 Klotz.
681 4326 782 4379 sub
811 4342 964 4381 voce.
995 4357 1063 4366 —
1095 4326 1162 4396 66)
1202 4326 1282 4381 Cf.
1313 4326 1742 4397 Hehn²p.5163
1783 4330 1843 4383 et
1868 4329 2585 4385 Vanieek21⁴¹remdw6rter

231 4394 319 4449 im
359 4393 578 4449 Griech.
617 4414 668 4449 u.
710 4396 923 4451 Latein
962 4416 1017 4467 p.
1057 4404 1141 4453 45.
1173 4430 1237 4437 —-
1282 4399 1349 4467 ⁶⁹)
1388 4400 1447 4453 Ρ.
1492 4347 1619 4468 123,
1642 4405 1724 4453 -18
1763 4398 1923 4453 Reiff.
