3060 5083
185 48 213 187 q„-

1275 1097 1516 1191 Caput
1571 1099 1622 1170 L
1728 1121 1751 1144 ⁸

1204 1253 1695 1323 Praefatia

449 1386 763 1445 Neminem
799 1390 1002 1462 potest
1038 1388 1246 1460 latere,
1285 1386 1335 1445 si
1373 1387 1490 1445 duo
1527 1387 1851 1460 scriptores
1882 1385 2147 1445 eiusdem
2185 1387 2427 1463 linguae
2464 1387 2625 1446 dein-

273 1494 410 1550 ceps
447 1475 508 1534 in
546 1495 757 1535 manus
796 1477 1135 1552 sumpserit,
1174 1476 1332 1534 inter
1369 1495 1517 1552 quos
1556 1476 1940 1534 intervallum
1980 1475 2372 1550 complurium
2418 1495 2623 1535 saecu-

272 1563 469 1622 lorum
505 1565 835 1640 intercedit,
875 1566 1019 1624 satis
1057 1575 1335 1641 magnam
1365 1583 1494 1624 esse
1525 1564 1987 1639 discrepantiam
2017 1583 2150 1622 cum
2178 1565 2622 1640 vocabulorum,

270 1657 400 1711 tum
456 1653 903 1730 significationis
951 1673 1179 1729 eorum,
1234 1656 1365 1712 tum
1421 1654 1797 1729 suffixorum,
1854 1654 2069 1730 quibus
2125 1673 2345 1730 magna
2401 1674 2539 1729 pars
2586 1673 2623 1713 a

267 1743 572 1802 vocabulis
608 1743 927 1818 primitivis
966 1743 1288 1804 derivatur.
1354 1742 1545 1813 Quam
1583 1761 1711 1800 rem
1747 1746 1988 1818 praeter
2023 1744 2173 1803 alios
2210 1743 2371 1804 viros
2413 1743 2620 1803 doctos

270 1825 680 1910 Draegerus¹)
720 1832 942 1908 attigit.

453 1921 601 1979 Mihi
646 1921 761 1996 ipsi
807 1941 1065 1998 quoque,
1122 1941 1255 1981 cum
1308 1921 1629 1998 aliquando
1676 1940 1809 1980 cum
1856 1921 2056 1980 Plauti
2108 1923 2621 1983 substantivorum

267 2009 793 2070 terminationibus
840 2029 1246 2086 compararem
1295 2009 1611 2069 Claudiani
1668 2002 1821 2091 (fere
1872 2013 1999 2071 700
2046 2030 2255 2070 versus
2309 2012 2623 2087 utriusque

229 2101 484 2173 ‘poetae
521 2100 897 2174 perlegeram
936 2100 1188 2175 exempli
1227 2092 1451 2180 gratia)
1503 2100 1709 2158 statim
1756 2099 1819 2157 in
1865 2100 2065 2159 oculos
2113 2100 2440 2159 incucurrit
2487 2100 2624 2158 sub-

269 2187 539 2247 stantiva
575 2188 638 2246 in
675 2189 890 2265 ·ti0n·,
929 2207 1179 2264 quorum
1214 2189 1465 2247 Plautus
1505 2189 1653 2247 satis
1692 2207 1976 2265 magnum
2014 2209 2323 2248 numerum
2368 2189 2622 2262 exhibet,

267 2275 431 2350 apud
469 2275 862 2335 Claudianum
898 2296 1240 2360 paeneOnon
1277 2276 1556 2336 inveniri:
1593 2277 1657 2335 in
1692 2277 1814 2336 illis
1852 2278 2152 2351 versibuS‚
2192 2298 2337 2354 quos
2377 2278 2623 2354 perlegi,

267 2383 456 2422 unum
493 2365 671 2442 idque
708 2367 1182 2426 vetustissimum
1222 2359 1534 2425 ‘ambitio'
1573 2366 1719 2424 mihi
1756 2367 2028 2439 occurrit,
2069 2367 2227 2442 quod
2264 2368 2324 2425 in
2364 2367 2624 2426 carmine

269 2447 372 2512 ‘de
420 2454 804 2513 consulatu
853 2453 1086 2531 Olybrii
1134 2459 1194 2514 et
1240 2449 1516 2514 Probini'
1529 2447 1582 2536 ²)
1639 2455 1866 2515 evitare
1912 2459 2091 2531 poeta
2144 2457 2271 2514 fere
2320 2455 2624 2531 nequibat.

266 2544 479 2602 Adieci
516 2544 875 2619 Lucretium,
914 2546 1017 2621 qui
1054 2546 1112 2603 in
1144 2545 1348 2605 eodem
1380 2552 1660 2604 versuum
1697 2564 1943 2604 numero
1972 2564 2157 2603 unum
2195 2537 2414 2604 ‘ratio'
2453 2566 2621 2621 prae-

265 2634 401 2706 bet,
439 2632 498 2691 id
535 2652 676 2693 vero
715 2634 1062 2709 saepissime
1109 2638 1172 2694 et
1215 2635 1488 2710 plurimis
1534 2634 1984 2709 pronominibus
2028 2637 2089 2693 et
2134 2633 2444 2694 adiectivis
2491 2653 2624 2694 con-

265 2714 612 2803 iunctum.3)
703 2722 915 2799 Neque
970 2724 1158 2797 aliud,
1219 2723 1376 2799 quod
1441 2724 1632 2783 exiret
1694 2724 1756 2781 in
1820 2724 2037 2794 ·ti0n-‚
2097 2724 2313 2782 offendi
2370 2724 2433 2781 in
2489 2724 2623 2799 plus

270 2829 453 2887 quam
493 2811 724 2871 duobus
763 2812 1006 2871 milibus
1043 2832 1326 2872 versuum
1363 2813 1631 2889 priorum
1679 2812 1992 2889 librorum3
2039 2812 2102 2870 in
2147 2813 2301 2872 libro
2349 2804 2624 2892 quint04)

268 2892 596 2959 ‘statione'
645 2902 899 2976 repperi.
973 2902 1102 2960 Hoc
1147 2902 1365 2959 mirum
1411 2921 1527 2960 non
1576 2905 1694 2978 est,
1741 2902 1792 2960 si
1834 2901 2226 2977 perexiguum
2271 2904 2623 2977 reputamus

265 3008 477 3065 eorum
524 2990 1040 3051 substantivorum
1085 3009 1424 3065 numerum,
1483 3010 1635 3066 quae
1684 2991 1921 3067 syllaba
1965 2990 2133 3050 brevi
2182 2995 2437 3049 utuntur
2484 2995 2624 3049 ante

262 3078 753 3138 terminationem
791 3080 990 3154 -tion·;
1040 3084 1100 3138 et
1137 3099 1266 3139 cum
1307 3099 1428 3139 non
1466 3083 1537 3138 ut
1570 3080 1871 3139 Iuvenalis
1911 3074 2089 3138 ‘facit
2125 3070 2459 3155 indignatio
2495 3098 2625 3139 ver-

266 3160 438 3226 sum'
486 3169 680 3227 dicere
727 3172 928 3243 posset
982 3169 1087 3227 illo
1133 3173 1423 3244 tempore,
1483 3169 1773 3227 eiusmodi
1828 3187 2000 3227 voces
2046 3169 2324 3228 Lucretio
2383 3169 2621 3229 omnino

267 3259 446 3315 erant
483 3258 865 3332 spernendae.

452 3345 682 3405 Plinius
727 3348 966 3422 quidem
1020 3347 1083 3405 in
1147 3348 1421 3423 epistulis
1471 3346 1880 3406 huiuscemodi
1927 3346 2381 3406 formationibus
2432 3350 2625 3407 scatet

269 3454 489 3510 paene,
530 3438 598 3493 ut
633 3436 736 3510 qui
771 3436 836 3494 in
871 3437 1144 3494 omnibus
1184 3436 1524 3495 hominibus
1571 3436 1859 3511 plurimas
1897 3436 2151 3494 virtutes
2188 3436 2627 3496 animadvertat

271 3526 338 3581 et
382 3524 607 3583 laudet.
699 3522 923 3584 Contra
969 3524 1334 3583 Claudianus
1383 3526 1467 3584 eis
1515 3526 1784 3585 abundat
1828 3525 2160 3601 vocabulis,
2208 3544 2359 3601 quae
2407 3529 2625 3585 exeunt

269 3613 333 3670 in
381 3606 560 3687 -‘tu',
608 3632 913 3689 recursuS,
969 3615 1223 3690 relatus,
1279 3618 1537 3688 meatus,
1587 3615 1853 3673 obiectus
1902 3606 2077 3693 cet.⁵)
2124 3634 2278 3690 quae
2324 3616 2623 3690 prioribus

268 3702 644 3777 temporibus
685 3722 756 3761 ex
792 3707 962 3779 parte
999 3704 1214 3762 suffixo
1252 3697 1476 3762 -‘tion'-
1512 3704 1931 3763 induebantur.

451 3791 667 3851 Putavi
724 3792 912 3868 igitur
958 3812 1173 3868 operae
1227 3793 1487 3868 pretium
1542 3811 1699 3866 esse,
1755 3793 2206 3863 fundamentum
2264 3795 2496 3851 struere
2546 3793 2624 3851 ad

267 3881 652 3955 quaestiones
709 3882 862 3940 tales
927 3881 1357 3957 profligandas,
1413 3881 1667 3958 ideoque
1722 3884 1936 3940 cuncta
1990 3881 2189 3939 Plauti
2244 3882 2625 3942 substantiva

425 4051 464 4119 ¹)
499 4052 709 4106 Histor.
749 4052 959 4119 Syntax
997 4052 1168 4122 praef.
1208 4070 1261 4121 p.
1284 4052 1453 4107 XVII.
1495 4082 1563 4091 —-
1606 4052 1649 4121 2)
1686 4052 1753 4106 V.
1780 4058 1897 4106 178.
1938 4080 2005 4090 ——
2048 4050 2089 4119 ³)
2128 4051 2285 4120 Alia,
2324 4052 2623 4120 consimili,

271 4125 452 4189 certa,
488 4122 548 4177 in
585 4127 849 4191 utraque,
887 4139 1044 4190 vera,
1081 4124 1217 4191 hac,
1255 4124 1436 4191 nulla,
1483 4123 1615 4191 tali,
1665 4123 1884 4191 aliqua,
1930 4122 2205 4190 adsimili,
2254 4140 2391 4192 qua,
2437 4123 2622 4193 parili,

269 4192 416 4262 pari,
453 4194 627 4262 finita,
667 4195 875 4264 sagaci,
912 4192 1088 4262 varia,
1127 4195 1287 4262 falsa,
1326 4196 1519 4250 eadem
1558 4194 1790 4265 ratione.
1835 4224 1900 4233 --
1942 4195 1984 4261 ⁴)
2023 4192 2089 4249 V.
2112 4199 2233 4248 478.
2274 4224 2341 4233 —-
2383 4196 2424 4264 ⁵)
2465 4194 2623 4250 Com·

267 4266 674 4319 memoratione
712 4283 822 4319 non
860 4264 1150 4335 indignum
1182 4265 1403 4320 videtur
1430 4265 1720 4319 dimidiam
1751 4266 1865 4319 fere
1894 4267 2113 4335 partem
2144 4266 2620 4319 substantivorum

267 4336 331 4389 in
372 4336 531 4405 -‘tu',
570 4337 711 4391 -‘su'
753 4339 910 4391 sexto
940 4336 1248 4391 hexametri
1287 4337 1416 4407 pedi
1446 4355 1480 4391 a
1510 4336 1820 4391 Claudiano
1857 4338 2125 4390 insertam
2154 4352 2273 4391 esse
2304 4340 2363 4390 et
2398 4338 2619 4391 tantum

266 4424 385 4461 non
424 4408 614 4462 omnia
650 4411 810 4462 sexto
846 4425 995 4464 casu.
