3060 5083
475 165 603 228 636
1326 167 1679 222 Hei-mannus
1716 166 1969 222 Rassowz
2045 164 2050 169 ’

1526 337 1584 394 7.
1633 335 1763 394 leo·

650 440 1024 516 Quamquam
1061 441 1125 499 in
1161 441 1281 502 illis
1319 441 1691 518 regionibus,
1729 441 1885 499 unde
1923 442 2127 518 populi
2163 442 2677 518 indo-germanici,
2716 435 2821 520 qui

470 532 786 601 vocantur,
825 529 1299 606 emigraverunt,
1336 531 1539 590 leones
1575 531 2005 606 gignebantur,
2044 534 2107 590 et
2140 533 2461 607 propterea
2496 533 2822 594 verisimile

473 623 590 696 est,
636 619 700 677 in
744 619 954 695 lingua
997 619 1186 679 latina
1221 619 1540 694 aliquando
1587 619 1943 679 vocabulum
1989 620 2177 679 fuisse
2222 621 2298 679 ad
2346 621 2511 680 illam
2559 622 2821 682 bestiam

473 707 948 784 significandam:
995 709 1106 767 hoc
1153 711 1356 767 tamen
1399 727 1517 768 non
1562 708 1801 767 videtur
1850 710 2115 782 obstare,
2164 710 2479 784 quominus
2529 712 2823 771 tralatum

474 798 707 857 leonem
745 815 782 856 a
820 796 1062 857 Graecis
1097 800 1397 873 putemus.
1472 797 1630 856 Nam
1668 797 1719 856 si
1756 797 2017 872 plurima
2054 799 2293 857 saecula
2332 799 2819 880 intercesserunt,

473 885 690 962 quibus
728 885 930 945 Latini
975 905 1076 946 eas
1122 886 1330 946 beluas
1379 905 1498 945 non
1534 885 1817 945 viderunt
1864 879 1954 965 (in
1988 879 2220 968 Italia),
2268 888 2581 963 probabile
2628 893 2721 948 est
2756 894 2823 949 et

473 975 883 1036 vocabulum
867 995 1064 1051 1psum
1093 975 1440 1049 evanuisse,
1481 994 1615 1034 cum
1652 993 1773 1034 non
1808 975 1883 1034 ad
1922 975 2101 1034 aliam
2139 977 2330 1034 feram
2369 977 2824 1054 significandam

478 1083 547 1124 eo
589 1065 919 1124 uterentur.
991 1064 1122 1124 Hoc
1159 1064 1397 1140 quidem
1435 1065 1595 1123 inter
1632 1083 1835 1123 omnes
1874 1067 2107 1124 constat
2142 1065 2207 1122 in
2243 1065 2375 1140 ipsa
2402 1065 2583 1125 Italia
2618 1067 2823 1126 leones

479 1172 598 1212 non
632 1153 835 1226 fuisse,
877 1157 938 1212 et
976 1146 1236 1212 ‘leonum
1277 1153 1454 1212 sim‘ul
1491 1153 1755 1229 plurium
1790 1173 2058 1228 pugnam
2089 1153 2311 1212 Romae
2346 1155 2619 1230 princeps
2660 1156 2826 1215 dedit

477 1233 762 1302 Scaevola
787 1242 855 1302 P.
883 1241 924 1301 f.
962 1242 1024 1300 in
1063 1243 1256 1300 curuli
1292 1235 1639 1316 aedilitate',
1677 1245 1835 1301 teste
1864 1234 2163 1323 Plini0.5⁵)
2219 1242 2332 1302 Ille
2358 1243 2597 1302 videtur
2630 1245 2823 1304 fuisse

473 1334 717 1408 praetor
728 1323 807 1411 ⁵⁶)
837 1350 991 1390 anno
1016 1333 1142 1390 618
1167 1322 1280 1409 (=
1309 1333 1430 1390 136
1465 1350 1514 1391 a.
1540 1326 1726 1410 obn),
1753 1331 2031 1390 tribunus
2060 1332 2253 1407 plebis
2280 1351 2331 1390 a.
2356 1334 2480 1392 613
2504 1325 2618 1412 (=
2646 1326 2821 1413 141).

471 1421 640 1480 Intra
676 1421 784 1480 hos
821 1421 1112 1482 terminos
1153 1419 1280 1478 sine
1318 1420 1498 1478 dubio
1538 1420 1747 1479 aedilis
1786 1420 2009 1478 curulis
2047 1420 2179 1477 fuit.
2248 1420 2461 1496 Itaque
2501 1415 2819 1498 ‘singulos’

471 1511 670 1570 leones
707 1509 831 1567 iam
868 1511 1048 1567 antea
1058 1553 1074 1587 ,
1122 1509 1316 1567 medio
1352 1509 1478 1566 fere
1518 1508 1774 1567 secundo
1813 1510 2049 1568 saeculo
2086 1511 2227 1568 ante
2264 1509 2571 1568 Christum
2607 1515 2821 1570 natum

471 1599 814 1674 pervenisse
851 1597 1102 1656 Romam
1139 1598 1405 1657 conicere
1441 1598 1599 1656 licet.
1671 1597 1826 1655 Tum
1862 1615 1980 1655 non
2021 1597 2218 1656 subito
2255 1599 2404 1657 illud
2441 1600 2818 1674 vocabulum,

469 1687 630 1762 quod
667 1689 968 1748 sescentos
1006 1704 1191 1745 annos
1227 1687 1435 1762 latuit,
1471 1685 1716 1746 revixit:
1755 1687 1861 1746 sed
1899 1705 1971 1744 ex
2004 1687 2138 1762 ipsa
2174 1690 2381 1746 nostra
2415 1706 2559 1748 voce
2598 1688 2817 1766 colligo

467 1796 577 1852 per
597 1775 959 1834 Graecorum
987 1775 1248 1850 aliquam
1277 1775 1567 1834 coloniam
1595 1776 1797 1834 leones
1824 1774 2084 1850 primum
2109 1776 2391 1836 advectos
2416 1795 2547 1837 esse
2566 1777 2823 1836 Romam

439 1865 600 1926 ‘sive
637 1883 709 1924 ex
747 1864 988 1936 Asiana,
1027 1864 1152 1924 sive
1191 1883 1262 1922 ex
1293 1863 1599 1923 Africana.

653 1953 1024 2015 Vocabulum
1083 1953 1450 2013 translatum
1504 1973 1543 2012 a
1594 1953 1876 2013 Romanis
1934 1953 2256 2025 domestico
2312 1965 2499 2014 more'
2532 1955 2824 2015 declinari

473 2046 748 2120 coeptum
786 2044 894 2102 est.

1466 2151 1524 2208 8.
1583 2151 1823 2209 nauta.

647 2255 1005 2316 Saalfeldius
1036 2254 1228 2315 Curtii
1255 2255 1514 2332 vestigia
1543 2257 1802 2330 secutuS,
1837 2256 1939 2331 qui
1970 2249 2273 2316 ‘fortasse'
2301 2258 2584 2316 tralatam
2613 2277 2825 2319 vocem

470 2348 726 2423 dixerat,
776 2365 812 2403 a
859 2344 1100 2404 Graecis
1148 2348 1450 2421 sumptam
1496 2363 1626 2404 esse
1679 2345 1919 2419 statuit3
1974 2345 2463 2404 Tuchhaendlero
2477 2337 2556 2426 5⁷)
2610 2350 2825 2406 contra

471 2431 556 2496 ‘et
592 2438 838 2512 proptor
882 2433 1172 2510 radicem,
1219 2453 1372 2509 quae
1409 2433 1473 2492 in
1517 2433 1725 2492 multis
1771 2433 1993 2509 linguis
2030 2434 2552 2510 indo-germanicis
2592 2438 2709 2508 est,
2754 2440 2827 2495 et

467 2529 714 2603 propter
769 2523 893 2584 vim
947 2523 1204 2583 latinum
1266 2541 1396 2583 esse
1447 2516 1726 2585 videtur'.
1799 2522 2031 2584 Nescio·
2066 2524 2332 2600 quidem,
2383 2523 2526 2600 quid
2578 2523 2824 2585 differat

469 2606 697 2673 ‘nauta’
737 2632 774 2671 a
811 2605 1111 2691 εναύ·ιήε’,
1150 2613 1201 2671 si
1239 2605 1405 2672 ‘vim’
1448 2612 1722 2673 vocabuli
1768 2612 2047 2689 respicio,
2086 2614 2192 2672 sed
2229 2614 2684 2673 adsentiendum
2723 2619 2824 2674 est

470 2702 987 2777 TuchhaendlerO,
1026 2700 1129 2777 qui
1156 2701 1217 2759 in
1246 2700 1552 2760 Saalfeldii
1582 2701 1781 2760 verbis
1814 2694 2082 2773 ‘nautam
2110 2703 2398 2761 tralatum
2429 2721 2559 2763 esse
2587 2721 2821 2777 censeO,

469 2810 830 2869 quamquam
875 2789 1080 2850 navita
1117 2809 1353 2866 quoque
1389 2790 1583 2849 forma
1617 2784 1875 2867 legitur'
1926 2791 2075 2849 nihil
2123 2792 2465 2867 argumenti
2513 2811 2644 2851 esse
2683 2811 2821 2851 con-

469 2882 678 2941 tendit.

644 2970 730 3029 At
765 2970 1190 3043 argumentum
1229 2968 1628 3027 certissimum
1667 2988 1737 3028 ex
1776 2988 1844 3029 eo
1882 2968 2295 3046 nanciscimur,
2338 2970 2495 3045 quod
2535 2970 2823 3030 suffixum

473 3052 608 3119 ε-1-,33
646 3058 709 3117 in
745 3057 935 3118 latina
969 3055 1180 3133 lingua
1215 3076 1334 3116 non
1373 3058 1656 3130 occurrit,
1702 3058 1820 3117 nisi
1855 3058 1915 3115 in
1954 3057 2254 3117 femininis
2306 3051 2503 3117 ‘nota'
2554 3053 2823 3135 ‘planta'

473 3140 786 3208 esenecta':
830 3165 983 3221 quae
1024 3165 1161 3206 vero
1197 3146 1526 3205 masculina
1561 3146 1625 3205 in
1662 3140 1804 3206 e-ta'
1841 3146 2243 3222 inveniuntur,
2287 3167 2320 3206 e
2356 3166 2573 3223 graeca
2609 3148 2823 3224 lingua

471 3238 694 3297 tralata
742 3237 912 3309 sunt,
961 3228 1208 3310 ‘poeta',
1259 3228 1530 3312 epirata',
1576 3229 1888 3312 eathleta’3
1931 3254 2050 3311 quo
2097 3239 2365 3310 tempore
2414 3239 2476 3295 et
2520 3238 2717 3296 cautio
2758 3241 2825 3297 et

471 3326 686 3386 cavitio
715 3324 777 3383 in
798 3343 912 3383 usu
941 3327 1130 3401 erant,
1152 3324 1305 3383 falsa
1333 3324 1612 3401 analogia
1640 3345 1671 3384 e
1702 3318 1932 3384 ‘nauta'
1961 3326 2169 3394 natum
2199 3328 2293 3383 est
2318 3326 2392 3383 ad
2422 3326 2591 3385 navis
2613 3325 2822 3385 simili-

470 3416 740 3475 tudinem
787 3406 1086 3472 ‘navi-ta'.
1130 3444 1208 3453 -—
1261 3412 1400 3471 Sine
1437 3413 1617 3473 dubio
1645 3417 1716 3472 ut
1750 3414 1984 3489 caviti0,
2021 3413 2307 3490 brevima,
2340 3414 2525 3473 etiam
2564 3408 2818 3474 ‘navita’

473 3504 771 3563 abiectum
811 3504 996 3577 esset,
1032 3501 1149 3560 nisi
1185 3504 1397 3577 poetae
1436 3502 1716 3579 dactylici
1750 3502 1814 3560 in
1850 3522 2024 3561 suum
2064 3519 2395 3575 sermonem
2432 3503 2821 3581 recepissent,

471 3613 606 3653 cum
653 3590 985 3667 spondiacis
1032 3591 1298 3667 quidem,
1347 3590 1452 3649 sed
1499 3610 1619 3651 non
1666 3589 1975 3667 dactylicis
2020 3591 2324 3651 vocabulis
2370 3592 2563 3651 latina
2605 3593 2821 3669 lingua

471 3681 823 3742 abundaret.

1431 3770 1486 3828 9.
1517 3769 1699 3845 olea,
1739 3772 1852 3828 cet.

649 3876 868 3935 Mirum
907 3874 1384 3934 Tuchhaendleri
1429 3874 1713 3934 iudicium
1726 3868 1805 3955 ⁵⁸)
1853 3877 1926 3934 de
1971 3875 2066 3935 his
2113 3875 2437 3935 vocabulis.
2510 3876 2667 3937 Nam
2703 3880 2821 3937 mi-

471 3969 632 4027 nime
671 3960 789 4025 ‘res
828 3958 1078 4041 haeret,
1116 3964 1222 4026 sed
1261 3963 1310 4022 si
1349 3964 1605 4039 omnino,
1642 3964 1705 4022 in
1735 3966 1847 4023 hac
1876 3968 2034 4024 corte
2062 3984 2127 4023 re
2164 3965 2461 4025 historicis
2501 3984 2823 4043 argumen-

470 4057 552 4117 tis
591 4048 838 4130 aliquid
876 4046 1182 4113 momenti'
1221 4052 1571 4111 tribuemus,
1629 4053 1813 4113 Plane
1850 4054 1999 4112 mihi
2036 4073 2169 4112 cum
2202 4046 2466 4113 Hehnio2
2501 4076 2559 4130 p.
2591 4056 2715 4115 501
2733 4048 2826 4140 59)

472 4144 807 4205 faciendum
844 4141 1097 4203 videtur.
1351 4156 1356 4163 ·

620 4278 686 4347 ⁵⁵)
735 4258 865 4332 Natss.
905 4276 1036 4330 hist.
1073 4276 1204 4329 v111
1243 4281 1310 4330 53
1349 4277 1414 4331 D.
1461 4308 1530 4317 -
1582 4276 1648 4345 56)
1687 4274 1799 4345 cio.
1838 4276 1912 4331 ad
1947 4274 2064 4331 Aa.
2102 4274 2208 4328 ΧΠ
2245 4279 2296 4343 5,
2333 4282 2381 4329 3.
2435 4306 2504 4317 .-
2558 4277 2627 4347 57)
2666 4277 2723 4331 Ρ.
2766 4284 2822 4333 9.

474 4354 544 4390 -—'
572 4350 638 4419 ⁵⁸)
667 4348 726 4403 P.
745 4354 841 4420 23·
873 4378 938 4387 —
971 4346 1038 4416 ⁵⁹)
1065 4345 1388 4403 Editionem
1416 4346 1645 4403 tertiam
1672 4345 1909 4417 adipisci
1935 4364 2049 4402 non
2074 4345 2260 4417 potui,
2291 4364 2357 4401 ex
2386 4346 2601 4403 Curtio⁵
2626 4366 2681 4418 p.
2711 4354 2825 4405 359
