3060 5083
497 188 628 252 638
1347 186 1698 242 Hermannus
1735 187 1969 244 Rassow
1982 209 1999 244 ε

494 374 659 415 mus:
699 349 861 414 ‘nam
899 353 1040 430 quid
1076 352 1140 412 in
1175 354 1414 414 homine
1449 356 1722 431 pulcrum
1762 358 1879 430 est,
1924 355 2067 431 quid
2104 375 2325 432 quaeso
2363 356 2715 418 admirabile
2753 360 2863 420 vel

498 445 803 518 decorum,
851 442 967 502 nisi
1005 443 1163 520 quod
1202 445 1263 502 et
1299 444 1526 503 clurino
1576 435 1711 504 cum
1758 463 1970 520 pecore
2007 446 2207 506 nescio
2246 446 2379 522 quis
2416 450 2623 507 auctor
2656 448 2864 509 voluit

493 552 624 593 esse
656 525 1041 594 commune‘?'
1098 531 1326 602 Quibus
1353 533 1554 594 verbis
1582 533 1759 593 Ennii
1776 525 1853 613 70)
1880 553 2120 594 versum
2152 538 2385 612 spectat
2413 555 2451 596 a
2471 534 2753 612 Cicerone
2768 529 2859 618 ⁷¹)

497 627 831 683 servatum:

616 789 625 798 .
895 704 1107 771 ‘Simia
1142 730 1323 788 quam
1361 711 1573 772 similis
1611 711 1959 788 turpissima
2000 712 2193 772 bestia
2229 707 2441 774 nobis'.

668 819 989 878 Praeterea
1031 818 1238 894 glossa
1281 820 1482 878 exstat
1527 836 1566 876 a
1610 817 1847 878 Loewio
1863 809 1941 899 ⁷⁵⁸)
1991 817 2214 894 optime
2260 821 2578 882 restituta:
2628 817 2797 882 ‘clira
2830 817 2856 905 ij

493 901 734 984 ὁμοια’,
785 933 869 955 =
908 901 1097 967 ‘clura
1129 901 1152 984 ΙΙ
1187 901 1400 968 simia'.
1474 907 1551 965 In
1594 900 1960 967 ‘Philoxeni'
2006 908 2227 984 glossis
2274 927 2312 968 a
2358 908 2638 970 Labbaeo
2688 931 2857 971 com-

489 997 701 1072 positis
719 988 797 1078 78)
834 997 1193 1056 invenimus:
1235 997 1402 1057 clura
1435 991 1457 1074 ΙΙ
1491 991 1783 1072 πίθηκοες
1821 996 2011 1056 cluria
2042 991 2065 1075 ΙΙ
2101 993 2569 1074 κερκοπίθηκοε.

672 1086 914 1146 Bestiae
951 1085 1027 1144 ab
1066 1103 1137 1145 ea
1173 1085 1436 1162 corporis
1473 1089 1645 1160 parte
1680 1103 1898 1144 nomen
1936 1085 2084 1144 mihi
2120 1086 2360 1147 videtur
2398 1088 2653 1148 inditum
2695 1109 2853 1166 esse,

493 1194 644 1252 quae
686 1174 979 1251 singulari
1017 1174 1211 1251 specie
1251 1173 1578 1250 spectantis
1615 1174 1810 1250 plebis
1848 1174 2051 1234 oculos
2089 1173 2151 1234 in
2188 1195 2253 1236 se
2290 1178 2612 1257 convertit,
2648 1179 2711 1239 id
2750 1184 2851 1239 est

492 1284 529 1323 a
565 1257 904 1325 ‘clunibus'.
957 1263 1048 1323 Ac
1080 1264 1202 1323 tale
1233 1263 1374 1339 quid
1403 1262 1647 1338 sapiunt
1673 1263 1859 1323 verba
1886 1261 2188 1323 Strabacis
2229 1259 2657 1340 ‘pudendumst
2694 1287 2842 1328 vero

491 1354 787 1414 clurinum
824 1345 1050 1429 pecus'.
1103 1350 1234 1411 Hoc
1271 1352 1511 1428 quidem
1551 1345 1677 1410 ‘rus
1713 1344 1968 1411 merum'
2006 1355 2124 1430 θεὶς
2164 1356 2225 1413 et
2259 1353 2521 1416 fortasse
2554 1356 2629 1417 ob
2667 1357 2839 1416 illam

487 1442 684 1518 ipsam
712 1459 954 1504 causam
983 1442 1134 1499 hanc
1161 1440 1392 1500 bestiae
1421 1439 1915 1517 significationem
1945 1459 2140 1500 sermo
2170 1443 2453 1522 urbanus,
2492 1446 2595 1522 qui
2624 1446 2846 1522 omnia,

488 1551 642 1608 quae
671 1533 926 1593 obscena
952 1529 1142 1591 videri
1177 1531 1440 1606 possent,
1478 1529 1663 1589 nimia
1690 1528 2004 1606 diligentia
2031 1531 2301 1591 evitabat
2313 1523 2407 1613 74),
2446 1552 2567 1593 non
2594 1537 2844 1611 recepit.

488 1620 658 1680 Unus
706 1619 974 1692 Curtius,
1022 1618 1127 1694 qui
1171 1619 1322 1678 hanc
1368 1637 1574 1679 vocem
1618 1618 1910 1694 attigerat
1953 1620 2019 1678 et
2062 1618 2125 1678 in
2172 1624 2391 1696 quarta
2437 1625 2846 1700 etymologiae

489 1710 748 1771 editione
763 1700 842 1789 ⁷⁶)
889 1709 1000 1768 sub
1046 1706 1242 1767 radice
1300 1700 1494 1768 ‘sam'
1542 1727 1679 1768 cum
1724 1726 1939 1784 graeco
1985 1701 2139 1783 ἅμα,
2186 1709 2376 1770 latino
2423 1711 2634 1772 similis
2684 1731 2848 1772 com-

488 1803 834 1874 paraverat,
883 1797 988 1856 sed
1033 1795 1271 1872 adpicto
1315 1796 1803 1874 interrogationis
1852 1795 2051 1872 signo:
2098 1816 2306 1860 vocem
2341 1800 2403 1858 in
2452 1799 2662 1876 quinta
2710 1802 2851 1861 iure

490 1887 707 1947 omisit.
765 1886 907 1947 Sine
936 1885 1121 1946 dubio
1158 1884 1398 1962 quidem
1432 1887 1554 1946 iam
1582 1885 1811 1944 Ennius
1832 1885 2078 1945 -luserat
2111 1886 2175 1945 in
2211 1887 2305 1947 his
2334 1889 2578 1950 vocibus
2618 1883 2853 1950 ‘simia'

495 1978 558 2036 et
594 1968 874 2035 ‘similis’.

663 2064 878 2141 Itaque
925 2082 1059 2123 cum
1109 2082 1146 2122 a
1197 2064 1388 2123 latina
1431 2064 1630 2124 radice
1686 2064 1797 2123 hec
1851 2064 2209 2124 vocabulum
2258 2065 2520 2127 derivari
2565 2071 2850 2143 nequeat,

488 2173 739 2230 cumque
788 2152 1101 2229 probabile
1159 2153 1264 2230 sit,
1322 2155 1398 2213 ab
1451 2153 1699 2213 urbanis
1754 2151 2095 2211 hominibus
2145 2152 2207 2212 in
2266 2155 2516 2214 latinam
2569 2156 2853 2233 linguam

489 2242 890 2304 introductum
931 2259 1090 2320 esse,
1143 2242 1399 2302 fortasse
1437 2235 1659 2302 ‘simia'
1695 2240 1935 2318 proprie
1973 2241 2049 2300 ab
2087 2241 2192 2302 illo
2237 2240 2459 2319 populo
2496 2246 2850 2324 vocabatur,

489 2333 590 2408 qui
626 2333 886 2409 primum
926 2331 1128 2391 simias
1166 2330 1448 2391 Romanis
1487 2331 1745 2392 advexit.
1820 2327 1938 2388 Sed
1974 2329 2067 2388 illi
2102 2331 2398 2411 homines,
2447 2333 2552 2410 qui
2597 2335 2851 2413 fuerint,

491 2421 716 2498 nesci03
766 2440 803 2481 a
839 2419 1033 2481 Plinio
1071 2419 1311 2495 quidem
1349 2421 1421 2479 de
1463 2439 1535 2480 ea
1570 2440 1636 2480 re
1672 2418 1822 2479 nihil
1860 2416 2163 2482 discimus.

1479 2600 1580 2657 14.
1638 2600 1854 2662 socci.

667 2706 834 2767 Socci
863 2725 901 2765 a
927 2705 1418 2766 Tuchhaendlero
1435 2698 1514 2787 ⁷⁶)
1546 2724 1619 2765 ex
1652 2725 1867 2783 graeco
1906 2708 2195 2769 vocabulo
2235 2704 2523 2783 ευγχίδεε
2560 2710 2849 2789 translati

487 2798 798 2872 putantur,
827 2787 996 2855 5cnm
1026 2795 1179 2855 socci
1205 2795 1364 2854 idem
1403 2813 1597 2872 genus
1626 2796 2014 2857 calceamenti
2042 2798 2410 2873 significent,
2448 2801 2629 2877 atque
2658 2798 2849 2858 Grae-

488 2904 621 2944 cum
660 2877 990 2959 cuTxibec'.
1066 2883 1184 2943 Sed
1221 2903 1356 2944 cum
1401 2885 1614 2944 literae
1661 2885 1772 2945 hoc
1819 2905 1938 2945 non
1974 2887 2359 2965 permittant,
2398 2906 2567 2947 suam
2606 2892 2848 2948 senten-

492 2976 639 3035 tiam
675 2975 885 3051 opinor
919 2972 1143 3033 nemini
1178 2973 1476 3049 probabit.
1550 3025 1557 3033 .

1473 3152 1572 3211 15.
1630 3154 1857 3228 stega.

664 3276 833 3338 Hanc
878 3296 1114 3354 quoque
1151 3294 1357 3338 vocem
1402 3275 1491 3335 rei
1536 3276 1770 3335 navalis
1806 3294 1940 3335 cum
1978 3274 2271 3337 Corsseno
2286 3268 2363 3357 77)
2414 3271 2571 3338 ‘cum
2608 3277 2839 3338 Graece

488 3363 672 3442 στέγη
719 3385 1045 3443 numquam
1089 3365 1259 3426 navis
1309 3358 1504 3441 stega'
1554 3366 1660 3438 sit,
1707 3366 1993 3425 tralatam
2040 3369 2229 3441 negat
2271 3366 2741 3427 Tuchhaendler.
2758 3360 2840 3447 ⁷⁸)
2964 3358 2973 3367 ’

485 3458 618 3532 Ego
678 3475 811 3515 cum
863 3455 1186 3515 Saalfeldio
1241 3454 1422 3527 facio,
1477 3452 1581 3530 qui
1631 3454 1695 3512 in
1744 3453 2007 3513 Indicem
2022 3444 2101 3531 ⁷⁹)
2152 3456 2395 3530 recepit.
2470 3454 2622 3515 Cum
2680 3456 2841 3515 enim

487 3548 727 3621 praeter
775 3537 1002 3621 ‘stega’
1053 3544 1324 3605 derivata
1365 3543 1444 3603 ab
1492 3542 1691 3602 radice
1737 3542 1846 3601 illa
1897 3535 2082 3619 ‘stag'
2133 3544 2303 3603 nulla
2354 3544 2475 3604 sint
2518 3546 2581 3603 in
2628 3545 2842 3622 lingua

485 3635 699 3709 latina,
749 3634 852 3695 sed
890 3652 928 3693 a
965 3626 1124 3710 ‘teg'
1171 3636 1433 3705 tantum,
1483 3634 1550 3691 at
1593 3631 1853 3707 plurima
1896 3632 1961 3691 in
1995 3650 2237 3709 graeca,
2286 3634 2396 3693 hoc
2443 3636 2603 3709 quod
2650 3631 2837 3709 (τέγη

486 3744 603 3784 non
641 3726 736 3783 est
770 3724 942 3783 navis
981 3725 1178 3799 stega,
1224 3742 1344 3782 non
1381 3721 1527 3782 satis
1566 3738 1779 3779 causae
1824 3739 1955 3781 esse
1991 3722 2358 3797 putaverim,
2404 3726 2475 3781 ut
2518 3724 2839 3799 propterea

487 3813 730 3889 linguae
766 3812 989 3872 latinae
1027 3812 1385 3873 vocabulum
1421 3810 1806 3870 vindicemus,
1870 3809 2061 3869 Immo
2100 3810 2247 3870 mihi
2285 3809 2529 3871 videtur
2564 3811 2643 3885 id,
2679 3813 2839 3888 quod

2998 857 3032 868 κ

485 3902 642 3977 tegit
677 3902 946 3974 domum,
984 3900 1269 3961 facillime
1307 3898 1626 3959 transferri
1662 3899 1739 3959 ad
1775 3898 1866 3973 id,
1904 3900 2061 3974 quod
2100 3899 2257 3977 tegit
2289 3917 2523 3961 navem.
2595 3901 2840 3960 Retinui
2936 3956 2964 3963 ,
3026 3922 3028 3979 ς

487 3990 678 4067 igitur
712 3990 775 4049 in
810 3990 1122 4051 translatis
1159 3988 1486 4051 vocabulis.

631 4160 701 4229 ⁷⁰)
740 4160 854 4215 Sat.
885 4165 971 4216 45.
1001 4160 1170 4215 Vahl.
1196 4190 1266 4199 -
1298 4160 1367 4229 ⁷¹)
1405 4157 1490 4212 De
1518 4157 1669 4213 deor.
1698 4159 1811 4213 nat.
1843 4159 1869 4212 I
1896 4164 1981 4215 97.
2010 4189 2079 4198 -
2112 4158 2179 4227 ⁷²)
2217 4158 2502 4213 Prodrom.
2541 4178 2595 4229 p.
2630 4164 2725 4214 191
2750 4177 2836 4229 sq.

485 4262 554 4271 —
589 4231 654 4298 ⁷⁸)
690 4230 751 4287 P.
782 4236 867 4289 31.
896 4261 964 4270 -
998 4232 1065 4298 ⁷⁴)
1104 4229 1186 4287 Cf.
1217 4228 1330 4287 Cic.
1370 4246 1455 4299 ep.
1493 4229 1569 4283 ad
1604 4228 1736 4283 fam.
1764 4228 1841 4281 IX
1870 4235 1954 4285 22.
1987 4260 2056 4269 -
2089 4229 2157 4297 75)
2193 4229 2253 4282 P.
2294 4234 2415 4284 323.
2446 4260 2516 4269 —
2553 4232 2619 4300 ²⁶)
2657 4231 2713 4285 P.
2746 4238 2838 4287 21.

486 4333 552 4343 —
614 4302 680 4371 Π)
716 4304 944 4372 Ausapr.
982 4303 1008 4356 1
1044 4307 1166 4370 4⁵2.
1206 4306 1290 4358 ⁵3.
1344 4332 1410 4341 -
1465 4300 1536 4368 78)
1572 4301 1635 4356 Ρ.
1676 4305 1759 4357 10.
1800 4330 1866 4339 --
1909 4301 1977 4371 ⁷⁹>
2015 4300 2075 4354 P·
2116 4306 2199 4355 ‘1⁶-
