3060 5083
1039 223 1122 276 De
1161 222 1345 276 Plauti
1383 221 1763 276 substantivis.
2442 222 2573 284 633

219 402 329 450 685
351 389 608 450 Strabax
1025 399 1127 450 ”115
1150 389 1446 450 Teleboae
1483 390 1608 449 NP.
1954 389 2167 467 tragici
2204 390 2332 451 NP.

347 481 651 556 strategus
1150 478 1407 538 Telestis
1953 479 2265 558 tragoedia

352 568 781 645 Stratippocles
1151 568 1376 627 Tereus
1952 570 2277 645 tragoedus

353 657 595 717 Straton
1128 707 1134 711 .
1151 657 1584 717 Teuximarcha
1954 658 2169 718 Tranio

349 746 718 808 Stratonicus
769 751 776 760 ’
1151 746 1370 806 Thales
1829 758 1930 808 750
1952 746 2245 806 triobolus

223 846 331 895 690
351 835 781 912 Stratophanes
1027 848 1131 896 720
1153 835 1406 894 Thasius
1443 837 1561 896 adi.
1952 836 2133 896 Troia

349 925 498 983 strix
1151 925 1455 984 theatrum
1953 924 2244 984 Troianus

341 1011 648 1074 'Strobilus
1152 1013 1393 1073 Thebae
1951 1012 2189 1073 Troilus

354 1102 686 1178 strophium
1151 1102 1469 1162 Thebanus
1509 1106 1628 1164 adi.
1690 1139 1695 1142 ·
1949 1103 2238 1178 tryblium

352 1189 793 1267 Stymphalicus
834 1195 952 1253 adi.
1152 1192 1743 1270 Thensaurochryso-
1829 1202 1929 1252 755
1950 1193 2245 1268 trygonus

217 1292 329 1344 695
353 1279 661 1340 Subballio
1240 1279 1681 1357 nicochrysides
1950 1284 2050 1340 tus

352 1370 722 1445 sycophanta
1029 1381 1130 1436 ‘125
1151 1370 1510 1430 thensaurus
1952 1369 2252 1429 tusculum

349 1459 745 1536 sycophantia
1153 1459 1539 1518 Thensaurus
1952 1459 2401 1536 tympanotriba

350 1546 586 1623 syllaba
906 1560 910 1563 ’
1153 1547 1670 1609 Theodoromedes
1953 1551 2311 1625 tympanum

350 1637 624 1713 symbola
1157 1636 1600 1713 Theopropides
1831 1649 1934 1698 760
1955 1637 2271 1714 Tyndarus

218 1738 329 1785 700
351 1725 658 1802 symbolus
1155 1726 1507 1785 Theotimus
1954 1730 2247 1803 tyrannus

349 1813 744 1891 Syncerastus
1031 1828 1133 1877 ’130
1154 1813 1715 1891 Therapontigonus
1956 1816 2004 1874 T
2005 1816 2239 1892 yrbalio

350 1906 731 1980 syngraphus
1152 1904 1599 1979 thermipolium
2044 1903 2049 1908 ’

350 1992 508 2068 Syra
1154 1992 1443 2068 Thesprio
2172 1969 2244 2035 U·

353 2081 686 2157 Syracusae
1155 2080 1445 2142 Thessala
1960 2082 2167 2142 Ulixes

217 2181 332 2230 705
355 2171 765 2248 Syracusanus
1153 2170 1480 2232 Thessalus
1519 2175 1638 2233 adi.

355 2259 529 2337 Syria
1029 2273 1130 2322 735
1153 2259 1360 2319 Thetis
2162 2219 2237 2343 ξ·

357 2347 544 2426 Syrus
1152 2348 1420 2424 Thyesta
1955 2332 2049 2409 Xy
2052 2335 2151 2409 ⁸¹³5
2153 2331 2229 2390 113

1149 2438 1307 2496 tiara

568 2503 633 2571 Τ·
1153 2526 1561 2589 Timarchides
2170 2487 2244 2612 Z·-

349 2618 645 2677 talentum
1156 2616 1418 2678 Tiresias
1483 2652 1496 2659 -
1834 2610 1937 2660 ‘165
1960 2600 2324 2677 Zacynsshms

315 2758 336 2763 -
354 2705 712 2784 Talthybius
1031 2717 1132 2767 740
1152 2706 1348 2765 Titani
1390 2706 1515 2767 NP.
1958 2690 2298 2790 Zacynthus

221 2806 332 2854 710
355 2796 582 2870 tapetia
616 2796 739 2854 NP.
1153 2796 1445 2855 Tithonus
1956 2798 2145 2881 zarma

356 2882 716 2944 Tarentinus
753 2888 868 2945 adi.
1153 2884 1415 2945 toxicum
1957 2864 2087 2926 Ζεῦ
2122 2866 2264 2967 YOG·

354 2972 684 3033 Tarentum
1153 2974 1318 3032 Toxi]
1328 2993 1396 3033 us
1958 2956 2169 3014 Zffllffls

355 3063 676 3138 tarpessita
1156 3062 1470 3122 Trachalio
1834 3056 1935 3105 ‘170
1958 3063 2122 3105 20⁰³·-

353 3151 590 3211 techina
1030 3162 1132 3212 745
1154 3152 1621 3228 tragicomoedia
2076 3152 2085 3163 '

763 3398 1228 3478 Adnotationes
1275 3410 1356 3477 ad
1401 3410 1656 3477 nomina
1698 3410 2041 3477 translata.

1181 3563 1239 3620 1.
1284 3559 1627 3619 calamus.

407 3684 868 3755 Tuchhaendler,
905 3705 963 3760 p.
1007 3689 1085 3743 12
1135 3686 1263 3743 iure
1315 3685 1555 3761 quidem
1606 3684 1997 3745 Saalfeldium
2044 3687 2371 3761 vituperat,
2422 3686 2581 3771 quod

222 3773 329 3841 ille
371 3771 643 3831 Curtium
692 3777 959 3849 secutus,
1007 3775 1112 3850 qui
1159 3768 1446 3834 fortasse
1483 3768 1809 3834 tralatum'
1849 3775 1960 3834 hoc
2006 3775 2362 3835 vocabulum
2410 3766 2579 3849 dixit,

222 3863 347 3919 iam
392 3882 499 3938 pro
550 3865 712 3921 certo
757 3863 820 3921 id
866 3864 1081 3922 afferre
1129 3882 1312 3923 ausus
1360 3863 1459 3923 sit.
1536 3862 1652 3922 Sed
1697 3864 1856 3938 quod
1904 3863 2067 3940 ipse
2075 3855 2447 3924 contendit
2450 3863 2581 3922 vim

221 3951 499 4009 vocabuli
545 3951 685 4011 huic
731 3951 1062 4011 sententiae
1109 3955 1268 4011 certe
1316 3945 1607 4028 obstare’,
1662 3952 1856 4011 fateor
1901 3971 1996 4011 me
2044 3972 2161 4011 non
2207 3952 2574 4028 intellegere,

223 4032 338 4098 hoc
373 4058 489 4114 quo
525 4041 843 4116 pertineat.
898 4041 1054 4099 Nam
1095 4062 1131 4101 a
1166 4042 1385 4099 Plauto
1425 4041 1664 4116 quidem
1702 4040 1916 4100 Pseud.
1954 4042 2084 4101 544
2125 4042 2196 4099 de
2236 4034 2573 4099 ³·a1undine’

225 4126 541 4203 scriptoria
588 4132 946 4208 usurpatur,
1002 4134 1064 4189 et
1113 4130 1277 4189 Pers·
1326 4131 1408 4188 88
1458 4129 1898 4189 condimentum
1946 4129 2271 4207 significat3
2322 4130 2481 4206 quod
2528 4130 2579 4188 si

225 4235 502 4293 graecam
560 4217 850 4295 originem
905 4238 1048 4294 prae
1106 4238 1168 4277 se
1223 4219 1366 4292 fert,
1423 4219 1708 4278 maiorem
1771 4219 2285 4279 condimentorum
2344 4220 2580 4294 partem

228 4306 516 4381 sequitur.
588 4307 919 4383 Propterea
962 4307 1110 4365 mihi
1157 4327 1391 4383 quoque
1436 4307 1762 4367 verisimile
1808 4312 1901 4367 est
1946 4308 2303 4369 vocabulum
2340 4324 2460 4365 non
2494 4305 2582 4364 la-

225 4394 420 4455 tinum
458 4414 606 4455 esse.
