3060 5083
533 213 666 280 594
1075 211 1080 218 ’
1145 273 1150 278 ,
1373 214 1727 270 Hei-mannus
1764 213 2020 268 Rassow:

532 400 640 458 pro
677 380 962 442 feminino
990 380 1197 441 vendit
1212 371 1308 462 ¹²),
1344 381 1562 441 nimiae
1601 381 1864 442 incuriae
1892 379 2301 442 testimonium
2330 383 2437 456 est,
2474 399 2615 440 nam
2643 381 2892 442 Nonius

534 471 638 531 illo
675 471 804 531 1000
819 462 896 553 ¹3)
936 469 1084 530 talia
1117 471 1371 558 profert:

710 555 910 620 ‘Inter
944 559 1330 622 menetricem
1368 564 1429 621 et
1457 561 1859 638 prostibulum
1896 563 2007 620 hoc
2042 561 2319 622 interest:
2369 560 2667 620 Menetrix
2703 562 2895 622 hone-

529 649 728 711 stioris
765 649 882 710 loci
918 653 1013 710 est
1049 654 1111 711 et
1139 655 1442 728 quaestus,
1503 651 1661 710 Nam
1698 651 2051 712 menetrices
2088 669 2125 709 a
2160 651 2453 710 manendo
2490 650 2682 710 dictae
2720 655 2890 724 sunt,

527 739 688 816 quod
716 739 945 816 copiam
975 741 1067 800 sui
1096 739 1507 800 tantummodo
1536 743 1717 800 noctu
1744 741 2025 817 facerent,
2062 740 2503 816 prostibula,
2543 740 2699 815 quod
2738 744 2892 798 ante

529 829 837 888 stabulum
873 831 1055 906 stent,
1091 833 1377 906 quaestus
1414 830 1613 889 diurni
1651 834 1712 889 et
1747 829 2024 889 nocturni
2061 823 2282 889 causa’.

703 917 1086 978 Editionibus
1123 937 1268 979 usus
1307 939 1438 980 sum
1472 919 1662 979 hisce:

706 1007 1020 1068 Ritschelii
1053 1009 1270 1068 novem'
1305 1008 1647 1068 fabularum
1686 999 2005 1086 (accedunt
2042 1006 2271 1067 Goetzii
2306 997 2507 1088 duae),

705 1097 1079 1157 Fleckeiseni
1114 1097 1598 1174 Amphitruonis,
1635 1095 2051 1173 Captivorum,
2091 1097 2410 1174 RudentiS,
2448 1095 2793 1170 Asinariae,

707 1186 1016 1262 Spengelii
1060 1187 1435 1260 Truculenti‚

706 1274 994 1351 Gepperti
1042 1275 1294 1336 Casinae
1331 1279 1393 1337 et
1426 1275 1705 1350 Poenuli,

707 1362 998 1442 Wagneri
1031 1364 1401 1442 Aululariae,

705 1445 918 1514 Parei²
956 1445 1036 1533 (a.
1078 1446 1278 1534 1619)
1321 1443 1840 1531 Taubmanni³que
1878 1448 1958 1530 (a.
2007 1444 2207 1534 1621)
2246 1451 2639 1526 Cistellariae,

705 1542 1101 1602 Studemundi
1140 1543 1213 1602 de
1250 1540 1565 1602 Vidularia
1601 1543 2062 1618 programmate.

703 1631 1052 1710 Praeterea,
1100 1651 1236 1692 cum
1279 1632 1500 1692 iterum
1536 1633 1965 1708 perlustrarem
2016 1631 2355 1704 schedulas,
2404 1631 2651 1692 adhibui
2688 1629 2885 1690 Brixii

529 1723 815 1798 quattuor
852 1721 1088 1780 fabulas
1119 1739 1254 1780 cum
1281 1721 1555 1782 Lorenzii
1580 1721 1953 1781 Mostellaria
1982 1713 2370 1802 (Pseudolum
2408 1719 2579 1779 doleo
2617 1725 2886 1796 praeter-

527 1811 760 1870 misisse
797 1828 919 1884 me,
966 1809 1072 1868 illo
1111 1810 1269 1868 enim
1306 1813 1602 1887 tempore,
1651 1829 1787 1870 cum
1823 1813 2214 1870 retractarem
2259 1809 2553 1886 fabulam,
2600 1829 2719 1869 non
2758 1829 2883 1868 me-

527 1899 818 1960 mineram
857 1898 1132 1959 editionis
1173 1900 1235 1958 et
1270 1903 1482 1975 postea
1516 1901 1757 1959 tantum
1792 1900 2081 1959 nonnulla
2119 1918 2191 1958 ex
2228 1916 2300 1958 ea
2335 1894 2585 1978 addidi).

705 1988 886 2047 Haud
924 1987 1101 2047 aliter
1133 1988 1196 2047 in
1234 1988 1446 2048 ceteris
1483 1987 1709 2047 fabulis
1745 1988 1879 2067 feci,
1917 1989 1969 2048 si
2003 2007 2156 2064 quae
2186 2005 2223 2047 a
2252 1988 2485 2048 duobus
2513 1987 2657 2047 viris
2686 1987 2881 2047 doctis

526 2078 720 2137 nostri
756 2077 1042 2152 temporis
1082 2077 1276 2136 editae
1317 2080 1488 2136 erant
1527 2069 1623 2158 (ut
1652 2076 1891 2137 Stichus
1920 2095 1957 2136 a
1982 2076 2307 2137 Bitschelio
2337 2079 2399 2136 et
2434 2071 2881 2157 Fleckeiseno):

529 2168 787 2243 primum
816 2166 1070 2225 alteram
1096 2166 1342 2225 adhibui
1371 2165 1584 2225 deinde
1620 2167 1893 2242 alteram,
1932 2169 1993 2226 et
2020 2184 2215 2242 saepe,
2253 2168 2324 2225 ut
2358 2166 2484 2225 fere
2512 2165 2597 2240 fit,
2637 2167 2882 2226 secundi

531 2255 780 2316 editoris
816 2256 1063 2316 inventa
1098 2255 1436 2331 recipienda
1472 2258 1661 2316 erant.

434 2341 439 2345 ’
705 2345 1030 2418 NumeroS,
1079 2344 1184 2402 ubi
1219 2345 1415 2420 potui,
1464 2363 1565 2403 eos
1604 2348 1843 2404 secutus
1881 2363 2040 2418 sum,
2086 2345 2189 2422 qui
2233 2364 2341 2422 per
2387 2347 2578 2404 totam
2612 2344 2882 2404 fabulam

529 2433 805 2510 perducti
825 2435 983 2508 sunt,
999 2433 1327 2511 Ritschelii,
1349 2432 1593 2507 Goetzii,
1615 2434 2003 2510 Fleckeiseni,
2023 2434 2337 2512 Wagneri3
2367 2432 2653 2509 Gepperti
2679 2435 2880 2492 tamen

530 2523 594 2582 in
633 2521 850 2584 Casina
886 2528 949 2583 et
983 2521 1247 2583 Poenulo
1287 2523 1458 2600 sequi
1492 2523 1686 2597 nolui,
1734 2541 1868 2582 cum
1904 2543 2025 2584 non
2058 2526 2337 2601 putarem
2375 2543 2411 2583 a
2445 2522 2877 2599 posterioribus

531 2612 860 2673 editoribus
897 2615 1204 2688 receptum
1239 2612 1317 2671 iri
1330 2604 1435 2693 ¹4);
1473 2612 1677 2690 itaque
1714 2612 1777 2671 in
1812 2612 1935 2687 his,
1974 2615 2044 2672 ut
2078 2614 2141 2671 in
2178 2608 2419 2687 ceteris,
2458 2615 2683 2690 actum,
2721 2630 2883 2673 scae-

439 2740 450 2751 ·
530 2720 688 2776 nam,
723 2720 965 2761 versum
1001 2701 1241 2763 retinui.

707 2791 921 2866 Dole0,
979 2789 1139 2868 quod
1181 2790 1420 2850 Brixius
1473 2790 1538 2849 in
1586 2788 1973 2865 Captivorum
2029 2789 2370 2851 recensione
2418 2808 2555 2850 suos
2600 2808 2880 2849 numeros

531 2880 714 2940 etiam
740 2880 804 2938 in
832 2878 1252 2939 adnotationes
1279 2879 1526 2959 invexit,
1556 2899 1688 2939 cum
1716 2879 1779 2937 in
1810 2878 2155 2939 Trinummo
2186 2883 2247 2939 et
2274 2879 2467 2938 Milite
2487 2879 2881 2939 Ritschelium

531 2971 772 3029 secutus
812 2969 992 3046 esset,
1028 2970 1099 3027 ut
1135 2967 1415 3029 Goetzius
1452 2969 1515 3027 in
1556 2966 1909 3027 Curculione
1937 2967 2413 3027 Fleckeisenum:
2450 2969 2880 3044 permolestum

528 3058 640 3118 1100
686 3061 780 3118 est
831 3058 1183 3133 praesertim
1238 3058 1684 3117 adnotationem
1740 3056 2007 3117 criticam
2062 3057 2391 3117 conferenti
2452 3059 2513 3117 et
2564 3057 2627 3115 id
2683 3058 2882 3132 ipsum

528 3146 851 3207 Lorenzius
889 3149 1183 3224 senserat,
1230 3166 1363 3208 cum
1407 3146 1472 3205 in
1506 3146 1802 3207 Pseudolo
1839 3146 2151 3206 Ritschelii
2197 3164 2476 3206 numeros
2524 3146 2739 3206 saltem
2791 3146 2881 3204 illi

531 3236 691 3312 parti
726 3236 1023 3297 redderet.

707 3324 1099 3385 Ritschelium
1138 3326 1376 3385 secutus
1413 3344 1550 3385 sum
1563 3370 1581 3404 ‚
1620 3324 1802 3385 etiam
1839 3324 1944 3383 ubi
1982 3324 2250 3384 ordinem
2285 3341 2567 3383 versuum
2602 3322 2878 3396 mutavit,

529 3413 768 3473 Brixius
804 3413 1094 3491 restituit,
1141 3417 1212 3473 ut
1245 3414 1611 3475 Menaechm.
1651 3415 1797 3489 prol.
1830 3418 1865 3474 7
1874 3416 2074 3489 —123
2112 3413 2480 3474 Menaechm.
2516 3404 2877 3487 43-48,¹⁵)

529 3504 685 3562 Item
732 3503 921 3562 Stichi
973 3522 1182 3563 versus
1239 3506 1365 3563 203
1415 3522 1452 3562 a
1495 3502 1879 3564 Fleckeiseno
1933 3505 2072 3579 post
2115 3522 2171 3561 v.
2222 3504 2350 3561 204
2406 3502 2730 3561 collocatus
2786 3504 2879 3560 est

529 3593 818 3654 adversus
870 3591 1138 3652 codicum
1184 3595 1244 3651 et
1288 3592 1603 3652 Ritschelii
1648 3592 2123 3667 dispositionem3
2168 3592 2281 3651 hoc
2324 3610 2559 3667 quoque
2604 3591 2763 3663 1000,
2810 3593 2878 3648 ut

531 3682 760 3755 ceteris,
790 3681 1102 3741 Ritschelii
1128 3700 1408 3741 numeros
1436 3700 1600 3741 meos
1628 3679 1759 3740 feci.
1815 3680 2044 3740 Deinde
2080 3699 2309 3756 versus,
2340 3699 2489 3756 quos
2516 3679 2877 3739 Bitschelius

534 3770 771 3830 omnino
809 3771 1216 3845 damnaverat,
1253 3770 1342 3830 ita
1376 3774 1446 3829 ut
1480 3771 1543 3828 in
1579 3769 1821 3829 fabulae
1847 3772 2129 3830 contextu
2166 3770 2343 3845 plane
2381 3768 2685 3828 omitteret
2718 3771 2781 3827 et
2815 3768 2877 3825 in

532 3859 916 3920 adnotatione
971 3862 1209 3919 tantum
1256 3862 1773 3936 commemoraret,
1829 3858 2049 3934 quique
2106 3877 2238 3917 eam
2292 3857 2368 3916 ob
2425 3874 2665 3917 causam
2720 3875 2795 3915 ne
2842 3874 2878 3915 a

530 3949 915 4010 Fleckeiseno
951 3948 1191 4025 quidem
1228 3949 1526 4009 numerati
1565 3951 1731 4009 sunt:
1780 3948 2012 4008 adiecta
2055 3947 2259 4007 littera
2298 3940 2415 4021 ‘a3,
2465 3940 2568 4006 ‘b'
2617 3944 2875 4019 distinxi,

681 4118 746 4189 ¹²³)
789 4117 974 4174 Plaut.
1021 4136 1109 4188 ap.
1148 4118 1300 4173 Non:
1330 4137 1384 4188 p.
1422 4122 1556 4187 423,
1593 4124 1678 4173 18.
1744 4146 1812 4157 -
1866 4116 1949 4186 ,13)
1986 4116 2087 4172 Ed.
2128 4115 2457 4171 Gerlachius
2485 4082 2563 4169 'et
2610 4114 2870 4179 Rothius;

533 4190 902 4257 Quicheratus
957 4189 1103 4245 falsa
1157 4190 1350 4247 edidit.
1415 4221 1485 4230 —
1557 4188 1622 4255 1⁴³)
1679 4188 1761 4243 Cf.
1815 4188 2071 4257 exempla
2124 4186 2335 4242 Loewii
2378 4186 2438 4240 in
2496 4186 2874 4252 ‘Prodromo',

533 4262 593 4315 P.
631 4262 884 4331 Langeni
917 4261 977 4315 in
1017 4260 1308 4331 ‘Beitrage
1347 4280 1441 4315 zur
1469 4260 1655 4315 Kritik
1682 4260 1798 4314 und
1825 4260 2143 4328 Erklarung
2170 4259 2267 4313 des
2296 4258 2586 4326 Plautus',
2624 4256 2871 4311 aliorum.

535 4364 598 4375 —-
656 4332 720 4403 ¹⁵)
757 4333 971 4388 Neutro
1018 4332 1141 4387 1000
1188 4332 1408 4387 Brixius
1456 4332 1753 4406 adnotavit
1797 4330 2056 4385 codicum
2102 4330 2352 4385 ordinem
2388 4346 2425 4383 a
2461 4345 2517 4383 se
2555 4328 2874 4383 restitutum

531 4420 678 4473 esse,
717 4404 867 4475 quod
903 4404 1126 4458 tantum
1161 4403 1458 4459 Bitschelii
1487 4402 1732 4458 editione
1770 4401 2029 4457 adhibita
2064 4400 2309 4471 perspici
2345 4400 2550 4469 potest.
