3060 5083
487 187 618 250 624
1335 187 1686 244 Hei-mannus
1722 188 1978 244 Bassowz

892 353 1036 415 risio
1080 358 1111 414 1
1806 355 1962 416 risus
2004 358 2040 414 2

907 444 1095 503 satias
1138 447 1169 503 1
1209 437 1233 522 ΙΙ
1267 443 1515 503 satietas
1556 446 1593 504 3
1632 439 1653 523 ΙΙ
1690 445 1975 506 saturitas
2014 447 2054 503 4

898 533 1180 592 sementis
1222 534 1259 591 2
1299 526 1364 612 (1
1379 524 1445 614 *)
1809 533 2123 592 seminium
2166 537 2197 591 1

891 625 1131 682 senecta
1163 612 1258 701 (13
1297 623 1412 683 adi.
1445 616 1513 702 6)
1556 624 1591 682 7
1809 625 2081 682 senectus
2122 625 2159 682 5

807 721 873 770 75
897 711 1210 773 servitium
1253 713 1286 772 1
1807 712 2066 771 servitus

896 819 1138 860 somnus
1808 819 1985 877 sopor
2023 801 2060 860 5

895 889 1128 949 sortitio
1172 892 1204 947 1
1809 890 2057 949 sortitus
2097 891 2133 948 2

895 981 1235 1054 spectamen
1275 974 1330 1036 1'
1809 979 2107 1053 specimen
2144 980 2184 1036 4

897 1066 1379 1143 stultiloqnentia
1419 1069 1451 1124 1
1658 1071 1667 1080 ‘
1808 1067 2247 1143 stultiloquium
2290 1069 2322 1124 1

806 1166 874 1216 80
894 1155 1161 1216 suavitas
1200 1157 1241 1214 4
1808 1156 2127 1217 suavitudo
2167 1158 2204 1214 2

893 1264 1135 1322 unguen
1176 1248 1209 1303 1
1806 1247 2181 1322 unguentum
2223 1247 2301 1305 17

893 1335 1124 1411 ungula
1161 1335 1197 1392 6
1806 1334 2071 1410 ungulus
2116 1338 2147 1392 1

893 1421 1342 1499 vaniloquentia
1383 1425 1416 1480 1
1806 1423 2090 1483 vanitudo
2133 1425 2166 1480 1
2181 1445 2224 1462 -

892 1530 1106 1587 vesper
1147 1514 1226 1572 17
1805 1530 2057 1588 vespera
2097 1514 2131 1570 1

805 1609 873 1661 85
894 1600 1315 1661 vestimentum
1359 1603 1438 1659 14
1807 1600 2062 1662 vestitus
2102 1600 2161 1660 5.

1474 1919 1717 2012 Caput
1771 1919 1855 1994 V.

564 2091 654 2157 De
689 2091 910 2158 Plauti
956 2089 1291 2157 vocabulis
1331 2090 1588 2158 Graecis
1632 2092 1702 2157 in
1737 2091 2029 2174 Latinam
2073 2091 2363 2176 linguam
2406 2091 2769 2158 translatis.

670 2259 950 2336 Plantae,
997 2278 1132 2319 cum
1170 2259 1609 2336 spectatoribus
1644 2279 1764 2320 non
1800 2260 2052 2321 Romam
2090 2263 2197 2320 aut
2230 2259 2447 2319 Italiae
2485 2260 2693 2337 nrbeS‚
2736 2258 2844 2319 sed

490 2367 772 2424 graecum
819 2350 1061 2425 aliquod
1098 2349 1379 2425 oppidum
1428 2352 1570 2409 ante
1608 2350 1807 2409 oculos
1854 2353 2105 2426 poneret
2150 2368 2515 2427 graecosque
2552 2348 2839 2424 homines,

489 2438 708 2498 mirum
746 2457 878 2498 csse
915 2457 1033 2498 non
1071 2439 1272 2514 potest
1309 2457 1380 2498 ex
1420 2439 1548 2498 664
1585 2438 1927 2498 nominibus
1964 2438 2226 2516 propriis
2262 2441 2388 2500 506
2422 2457 2554 2499 esse
2589 2456 2842 2516 graecae

490 2527 767 2606 originis3
797 2528 979 2588 immo
1008 2527 1203 2605 magis
1234 2530 1329 2588 est
1347 2527 1506 2606 quod
1534 2527 1820 2589 miremur
1848 2528 2176 2590 latinorum
2202 2548 2515 2589 numerum
2536 2547 2667 2588 esse
2692 2528 2837 2587 157.

489 2616 646 2675 Nam
683 2617 746 2676 in
776 2616 1042 2677 Terentii
1081 2620 1202 2679 129
1245 2617 1585 2678 nominibus
1621 2618 1907 2695 propriiS,
1952 2637 2106 2695 quae
2143 2618 2565 2679 Fleckeisenus
2602 2616 2665 2675 in
2702 2635 2842 2676 ono-

487 2707 738 2767 mastico
784 2706 1136 2782 perscripsit
1176 2708 1299 2766 113
1349 2724 1569 2783 graeca
1606 2710 1772 2781 sunt,
1824 2710 1904 2767 16
1944 2707 2160 2779 latina,
2208 2708 2366 2784 quod
2409 2726 2485 2766 ne
2528 2706 2843 2766 dimidium

491 2794 732 2872 quidem
761 2798 855 2855 est
881 2796 1314 2855 Plautinorum.
1351 2795 1607 2856 Plautus
1637 2798 1717 2856 31
1753 2818 1766 2856 ε
1800 2798 1927 2856 100
1958 2796 2273 2856 Terentius
2306 2798 2389 2855 14
2418 2819 2432 2855 ε
2464 2798 2593 2855 100
2630 2796 2840 2869 habet3

493 2886 556 2943 et
593 2884 860 2944 Terentii
896 2884 1138 2946 nomina
1174 2885 1364 2945 latina
1376 2878 1456 2963 ³⁸)
1496 2885 1590 2943 illi
1627 2877 1872 2945 ‘Plauti’
1912 2888 1975 2945 et
2011 2878 2237 2944 ‘Ennii'
2274 2888 2415 2945 sunt
2451 2886 2839 2961 prologorum

496 2976 677 3050 atque
731 2975 1022 3034 nonnulla
1074 2974 1317 3034 nomina
1371 2974 1646 3051 deorum,
1703 2975 1920 3051 quibus
1970 2975 2161 3034 latina
2215 2975 2457 3034 nomina
2508 2972 2837 3045 substituit,

488 3080 784 3139 nusquam
821 3061 1044 3139 Capua,
1081 3062 1312 3138 Poucii,
1354 3063 1630 3124 Laverna
1667 3065 2229 3138 commemorantur,
2272 3068 2339 3123 ut
2372 3083 2589 3140 purum
2626 3066 2843 3138 putum

491 3151 803 3212 Plautum:
851 3145 1699 3229 ‘Argentumexterebronides
1713 3146 1734 3175 '
1738 3200 1753 3228 ,
1799 3145 2702 3230 ‘Numquampostreddonides'
2750 3156 2841 3211 ta-

491 3257 750 3301 ceamus.

667 3330 928 3391 Nomina
972 3331 1219 3407 propria
1254 3331 1342 3390 ita
1378 3331 1672 3407 disposui,
1725 3334 1795 3391 ut
1829 3350 1994 3391 mere
2041 3331 2229 3390 latina
2265 3348 2401 3390 cum
2436 3330 2513 3389 iis
2548 3329 2842 3403 barbaris,

491 3437 642 3494 quae
678 3437 799 3480 non
839 3439 946 3495 per
991 3438 1267 3497 graecam
1303 3420 1576 3497 linguam
1610 3421 1688 3480 ad
1724 3420 2025 3480 Romanos
2070 3423 2497 3496 pervenerunt,
2547 3420 2610 3478 in
2646 3420 2840 3495 primo

491 3508 782 3568 laterculo
820 3498 1171 3569 collocarem
1209 3501 1309 3591 (ut
1346 3502 1598 3569 ‘Africa'
1639 3501 1900 3589 ‘Galli'):
1938 3510 2001 3568 in
2039 3509 2295 3569 secundo
2330 3528 2463 3568 cum
2500 3507 2839 3568 nominibus

489 3598 747 3673 propriis
799 3597 983 3657 etiam
1043 3601 1243 3658 cetera
1293 3618 1537 3675 graeca,
1592 3601 1701 3658 aut
1754 3617 1907 3675 quae
1958 3616 2031 3657 ex
2079 3597 2328 3659 orientis
2378 3598 2725 3675 regionibus
2777 3596 2841 3655 in

495 3704 798 3763 graecam,
835 3686 974 3746 inde
1012 3688 1074 3747 in
1109 3706 1416 3748 romanam
1453 3688 1725 3765 linguam
1761 3689 2244 3762 penetraverunt.

668 3775 911 3837 Partem
959 3775 1385 3837 vocabulorum
1435 3776 1754 3836 manifesto
1800 3795 1837 3835 a
1884 3774 2127 3835 Graecis
2174 3775 2522 3852 petiverunt
2571 3773 2841 3851 Romani,

496 3862 600 3923 sed
638 3865 799 3924 haud
832 3884 1056 3941 parvus
1094 3884 1379 3925 numerus
1418 3868 1512 3926 est
1550 3884 1773 3940 eorum,
1810 3864 1885 3924 de
1923 3866 2140 3942 quibus
2176 3864 2456 3924 dubitare
2493 3864 2649 3925 licet.

669 3953 839 4013 Hanc
892 3955 1260 4030 provinciam
1315 3956 1416 4014 diu
1472 3956 1808 4030 neglectam
1858 3955 1956 4014 vel
2008 3953 2263 4022 strictim
2319 3956 2557 4013 tantum
2607 3957 2671 4013 a'
2692 3952 2839 4014 viris

494 4042 684 4103 doctis
722 4046 1042 4104 tractatam
1081 4063 1236 4105 anno
1277 4046 1450 4106 1874
1488 4042 1561 4105 A.
1602 4043 1965 4103 Saalfeldius
2001 4042 2324 4120 adgressus
2362 4046 2479 4118 est,
2518 4062 2651 4103 cum
2688 4061 2843 4107 com-

636 4232 703 4300 83)
743 4232 1017 4288 Caecilius
1058 4238 1114 4301 13
1153 4232 1318 4287 Ceres
1359 4238 1414 4300 13
1451 4232 1637 4288 Diana
1671 4239 1726 4301 13
1768 4231 1979 4289 Ennius
2011 4239 2069 4300 13
2110 4231 2353 4286 Graecus
2383 4236 2443 4298 83
2482 4231 2748 4285 Hercules
2780 4236 2834 4297 13

493 4302 631 4358 Iuno
669 4304 882 4359 Lucina
919 4310 980 4369 23
1017 4304 1271 4374 Iuppiter
1306 4310 1401 4371 213
1440 4304 1675 4359 Latinus
1714 4311 1775 4371 43
1811 4303 1980 4359 Liber
2020 4309 2075 4372 13
2113 4302 2366 4357 Minerva
2407 4308 2463 4371 13
2500 4302 2747 4357 Naevius
2776 4308 2831 4368 23

491 4374 788 4444 Neptunus
829 4382 885 4442 ις
922 4374 1158 4431 Plautus
1193 4381 1254 4442 43
1293 4376 1456 4431 Salus
1495 4381 1556 4442 23
1595 4376 1783 4432 Venus
1826 4381 1872 4430 1.
