3060 5083
1045 225 1130 282 De
1164 225 1357 282 Plauti
1395 223 1775 281 substantivis.
2454 224 2587 288 635

239 395 602 456 Saalfeldius
640 397 702 454 in
738 393 1003 456 Iudicem
1040 396 1282 472 recepit.
1349 393 1605 455 Corssen
1642 391 1895 469 Ausspr.
1932 384 1991 450 1²
2030 395 2112 452 28
2152 413 2190 452 a
2223 393 2424 452 r'adice
2459 386 2587 452 ‘ku-

238 479 471 561 berno',
507 505 660 561 quae
688 485 1002 562 utriusque
1038 485 1283 561 linguae
1313 483 1410 561 sit,
1448 483 1691 543 deducit
1730 486 1792 542 et
1828 475 2210 558 ‘gubernare'
2251 485 2314 542 et
2350 475 2590 559 ‘guber-

239 568 556 651 natorem',
603 578 957 651 argumento
1003 575 1200 634 nitens
1237 574 1395 650 quod
1443 564 1826 650 ‘gubernum'
1878 575 1940 631 et
1976 563 2384 648 ‘gubernium'
2428 571 2589 647 apud

241 663 522 740 antiquos
570 665 890 740 scriptores
940 664 1193 723 exstent.
1267 660 1430 731 Quae
1477 661 1777 721 sententia
1822 652 2407 741 Tuchhaendlero‘ffi)
2457 659 2591 735 ipsa

241 752 335 812 rei
371 753 710 812 condicione
739 752 978 812 videtur
1013 752 1272 828 probari,
1308 769 1446 810 cum
1473 749 1725 810 Romani
1764 769 1836 809 ex
1872 768 1989 826 quo
2027 753 2296 825 tempore
2333 749 2587 809 navibus

243 841 340 900 usi
378 841 516 917 sint,
553 842 628 901 ad
666 850 768 902 eas
805 842 1099 918 regendas
1136 841 1605 902 instrumentum
1648 858 1883 915 quoque
1921 842 1983 898 et
2020 857 2195 901 suum
2230 838 2591 900 vocabulum

241 933 406 990 certe
469 930 808 991 habuerint.
900 930 1120 1007 Neque
1167 948 1267 990 eos
1322 929 1583 1005 antiquis
1645 927 2013 1004 temporibus
2078 923 2289 987 lintres
2355 929 2591 986 tantum

241 1018 554 1093 habuisse,
604 1013 849 1082 ‘velum'
889 1022 951 1079 et
989 1012 1248 1093 ‘malus',
1296 1036 1448 1095 quae
1487 1019 1649 1078 certe
1696 1017 1917 1076 latinae
1955 1016 2203 1094 originis
2248 1016 2392 1090 sint,
2440 1014 2589 1076 satis

247 1109 677 1168 demonstrare.
743 1109 860 1168 Sed
897 1107 1198 1186 quodnam
1234 1107 1595 1168 vocabulum
1630 1106 1873 1182 linguae
1909 1105 2134 1165 latinae
2174 1104 2472 1181 significat
2505 1105 2593 1162 in-

245 1199 652 1257 strumentum
689 1200 897 1274 aptum
933 1198 1011 1256 ad
1046 1215 1229 1257 naves
1265 1195 1609 1274 regendas?
1683 1194 1847 1253 Num
1885 1187 2287 1272 ‘gubernium'
2299 1194 2329 1253 ἱ)
2398 1194 2590 1253 Immo

241 1287 366 1345 iam
402 1287 480 1346 ab
517 1279 804 1368 Enniiffl).
829 1289 1100 1363 tempore
1138 1278 1416 1346 ‘clavus’z

530 1405 701 1482 '‘dum
740 1411 971 1470 clavum
1010 1413 1241 1470 rectum
1278 1412 1516 1470 teneam
1553 1427 1886 1485 navemque
1920 1400 2294 1485 gubernem'.

427 1552 542 1623 Qui
588 1572 797 1614 versus
841 1555 1162 1629 propterea
1208 1552 1354 1612 satis
1404 1551 1809 1612 memorabilis
1857 1555 1977 1624 est,
2026 1547 2186 1627 quod
2232 1551 2294 1608 in
2342 1551 2446 1609 illo
2494 1549 2593 1609 do-

237 1641 494 1702 mestica
532 1661 665 1702 cum
701 1642 1036 1718 peregrinis
1073 1641 1426 1701 miscentur:
1466 1634 1738 1702 ‘clavus'
1776 1643 1839 1700 et
1885 1633 2287 1716 ‘gubernem'.
2380 1639 2592 1715 Itaque

237 1733 390 1790 haec
427 1730 906 1790 Tuchhaendleri
943 1730 1316 1791 ratiocinatio
1354 1731 1509 1789 falsa
1538 1734 1647 1790 est.
1713 1730 1796 1789 Et
1830 1729 1952 1788 iam
1988 1729 2158 1806 illud,
2198 1728 2359 1804 quod
2394 1728 2592 1804 ipsum

237 1820 494 1881 verbum
543 1813 963 1895 ‘gubern-are'
1012 1819 1349 1879 derivatum
1398 1823 1516 1896 est,
1562 1819 1757 1894 prima
1802 1836 1980 1894 quam
2020 1817 2269 1877 dicimus
2316 1817 2593 1893 coniuga-

239 1909 406 1968 tione
423 1954 438 1983 ,
477 1908 911 1968 dubitationem
949 1904 1245 1982 moveret,
1293 1929 1434 1967 num
1471 1907 1810 1984 legitimum
1847 1907 2095 1967 verbum
2134 1909 2296 1967 esset
2332 1907 2597 1983 regenda

239 2017 426 2075 nave3
475 1997 622 2056 mihi
675 1999 864 2058 multo
912 1997 1298 2058 verisimilius
1343 1997 1586 2059 videtur
1630 1997 1818 2057 fuisse
1866 1996 2065 2072 ipsum
2104 1989 2402 2072 ‘regere'.

423 2086 695 2160 Accedit,
743 2087 901 2164 quod
937 2085 1060 2172 iam
1097 2087 1424 2146 Lottnerus
1439 2079 1522 2166 ⁵¹)
1574 2088 1913 2160 monuerat,
1960 2084 2009 2144 si
2047 2085 2304 2144 latinum
2349 2085 2460 2144 hoc
2496 2104 2595 2144 vo-

243 2175 525 2235 cabulum
581 2176 929 2252 duceretur,
985 2175 1273 2235 maximas
1330 2174 1715 2234 difficultates
1771 2174 1915 2235 oriri
1964 2193 2037 2233 ex
2088 2170 2478 2250 κυβερνήτης
2534 2176 2597 2232 et

240 2265 638 2340 yubernator,
691 2283 844 2341 quae
900 2284 1018 2325 non
1073 2264 1280 2341 magni
1322 2263 1610 2323 momenti
1654 2266 1822 2340 sunt,
1874 2263 1926 2322 si
1969 2263 2220 2322 verbum
2266 2281 2339 2322 ex
2382 2280 2599 2338 graeca

248 2353 462 2429 lingua
497 2354 754 2430 petitum
793 2371 924 2413 esse
961 2357 1260 2429 putamus,

1149 2588 1224 2646 6..
1260 2543 1696 2645 hilaritudo..

428 2704 818 2771 ‘Hilaritudo’
873 2729 994 2770 una
1041 2730 1174 2770 cum
1220 2709 1380 2770 omni
1433 2709 1715 2785 prosapia
1764 2708 2221 2769 Tuchhaendler
2235 2701 2315 2789 ⁵²)
2370 2710 2597 2769 tralata

241 2820 381 2860 esse
417 2801 656 2859 iudicat.
731 2799 1091 2859 Considerat
1125 2799 1310 2875 enim,
1355 2798 1617 2875 primum
1666 2800 1830 2857 sexto
1879 2798 2043 2858 urbis
2086 2798 2323 2857 saeculo
2362 2800 2598 2859 tantum

241 2882 574 2967 ‘hilarum’,
613 2882 867 2966 ‘hilare',
913 2881 1410 2949 ‘hilaritudinem'
1450 2886 1733 2964 inveniri,
1780 2890 1982 2946 cetera
2018 2888 2220 2945 autem
2257 2878 2599 2962 posteriori-

239 2981 360 3039 bus
410 2979 647 3037 demum
696 2978 1066 3053 temporibus
1116 2977 1445 3053 exstitisse,
1498 2978 1631 3034 tum
1678 2976 1933 3036 formam
1980 2978 2043 3035 et
2088 2975 2213 3035 vim
2260 2974 2484 3035 Graece
2537 2979 2599 3036 et

240 3068 464 3128 Latine
501 3066 738 3127 omnino
777 3086 908 3126 esse
947 3067 1224 3143 eandem,
1273 3065 1527 3141 denique
1566 3065 1628 3124 in
1664 3065 1877 3125 ceteris
1914 3064 2137 3141 linguis
2175 3064 2596 3140 indo-germa-

248 3156 401 3217 nicis
440 3174 614 3216 voces
651 3155 829 3215 huius
865 3155 1083 3215 radicis
1119 3174 1241 3214 non
1277 3174 1424 3215 esse.
1622 3158 1626 3162 ’

425 3245 592 3304 Bene
630 3242 986 3303 Saalfeldius
999 3236 1080 3325 53)
1129 3247 1357 3319 monet,
1405 3244 1500 3304 cui
1548 3242 1638 3303 rei
1676 3242 2134 3303 Tuchhaendler
2178 3261 2296 3301 non
2344 3242 2601 3301 multum

247 3333 638 3395 tribuendum
686 3336 1020 3407 censuerat,
1067 3333 1167 3393 vel
1212 3336 1458 3409 propter
1505 3331 1777 3392 derivata
1822 3332 2016 3391 multa
2059 3350 2178 3390 non
2216 3331 2600 3393 verisimilem

246 3442 383 3483 esse
421 3422 600 3482 huius
638 3422 912 3482 vocabuli
947 3422 1419 3498 translationem,
1461 3422 1735 3497 quamvis
1766 3420 2046 3481 Plautino
2087 3420 2325 3479 demum
2366 3422 2600 3481 saeculo

245 3512 608 3573 inveniatur.

429 3592 749 3660 Praeterea
786 3619 858 3659 ex
894 3620 990 3678 eo,
1023 3600 1296 3679 ,quod-in
1335 3600 1547 3659 ceteris
1585 3598 1807 3677 linguis
1844 3598 2388 3675 indo-germanicis
2426 3617 2601 3659 voces

243 3690 431 3750 huius
471 3689 684 3749 radicis
723 3707 842 3749 non
873 3691 1029 3767 sunt,
1066 3689 1218 3748 nihil
1246 3689 1516 3749 concludi
1554 3707 1750 3765 posse,
1788 3707 1861 3747 ex
1897 3707 2145 3747 numero
2174 3687 2601 3748 vocabulorum

243 3778 577 3855 colligitur,
625 3797 779 3855 quae
827 3777 1094 3838 eiusdem
1141 3776 1499 3839 condicionis
1550 3780 1714 3853 sunt3
1763 3777 1891 3838 Ioh.
1938 3775 2300 3847 Schmidtius
2313 3767 2394 3856 5⁶¹²)
2443 3776 2602 3837 enim

253 3870 384 3928 132
427 3868 826 3947 enumeravit,
864 3867 928 3926 in
963 3886 1180 3943 graeca
1218 3869 1279 3926 et
1315 3868 1506 3927 latina
1542 3865 1751 3943 lingua
1786 3868 2024 3925 tantum
2064 3864 2451 3926 occurrentia.

430 3956 657 4028 Quibus
706 3956 902 4015 causis
952 3956 1245 4016 adductus
1297 3975 1456 4030 sum,
1509 3959 1579 4015 ut
1630 3947 2013 4014 ‘hilaritudo’
2066 3954 2429 4013 translatum
2480 3974 2600 4015 non

243 4046 570 4107 crederem.

397 4269 466 4340 ⁴⁹)
503 4270 564 4325 P.
603 4276 652 4325 8.
693 4300 761 4309 —
803 4270 870 4338 ⁵⁰)
907 4269 1108 4325 Annal.
1149 4224 1253 4324 472
1291 4268 1356 4323 V.
1399 4300 1464 4308 —
1507 4268 1577 4336 ⁵¹)
1616 4269 1681 4321 ln
1716 4265 1926 4321 Kuhnii
1963 4266 2305 4336 ephemerid.
2344 4266 2447 4320 VII
2481 4272 2598 4321 165.

247 4372 318 4383 -
363 4341 432 4409 ⁶²)
467 4343 528 4396 P.
569 4346 653 4398 22.
695 4372 761 4380 —-
803 4340 869 4409 ⁶³)
905 4340 1098 4411 Progr.
1136 4339 1339 4394 Wetzl.
1383 4345 1515 4395 1877
1556 4358 1610 4410 p.
1650 4346 1716 4394 37
1754 4339 1899 4395 Adn.
1938 4369 2005 4378 —
2054 4338 2123 4407 ⁶⁴)
2159 4338 2225 4392 D.
2270 4336 2599 4409 Vcrwandt·

246 4413 615 4469 schaftsverh.
652 4431 707 4483 p.
748 4417 814 4467 53
837 4429 956 4480 sqq.
