3060 5083
517 166 647 232 622
1373 163 1723 223 Hei-mannus
1762 167 2021 224 Rassow=

603 336 952 396 subsellium
1405 336 1715 412 suppetiae
1946 395 1959 406 ,
2207 333 2463 412 suspicio

601 425 934 484 subsidium
1405 424 1758 500 supplicium
2119 433 2184 483 19
2206 421 2529 500 suspiritus

515 525 580 574 10
601 515 917 573 subtemen
1318 524 1382 572 15
1450 517 1781 590 suppositio
2101 536 2107 541 ·

603 601 1007 768 (suffragator
1407 513 1793 679 (suppostrix
2342 576 2635 662 ¹31'¹¹’¹¹(S)''

646 691 997 768 suffragium
1405 709 1766 767 suppremus
2204 689 2612 766 tranquillitas
2649 684 2684 749 ⁴?

601 783 878 856 sumptus
1403 779 1789 856 suspendium
2151 789 2183 838 2
2204 783 2530 840 transenna

403 1059 418 1080 ‚
483 951 617 1080 st
1474 971 1717 1066 Caput
1771 971 1892 1046 lv.

631 1112 721 1178 De
768 1111 1202 1179 substantivis
1248 1129 1327 1178 ex
1374 1110 1588 1177 eadem
1634 1110 1850 1178 radice
1897 1111 2093 1186 vario,
2129 1109 2359 1178 suffixo
2406 1109 2742 1180 derivatis.

693 1243 822 1302 Iam
863 1247 1197 1321 sequuntur
1234 1243 1628 1321 substantiva,
1666 1230 1821 1320 quae
1860 1262 1932 1303 ex
1969 1244 2178 1302 eadem
2214 1243 2413 1302 radice
2442 1242 2606 1304 vario
2646 1243 2860 1302 suffixo

514 1333 789 1393 derivata
817 1336 975 1410 sunt,
1003 1333 1091 1392 ita
1118 1335 1338 1409 tamen,
1372 1336 1441 1391 ut
1468 1332 1595 1392 fere
1624 1332 1873 1402 eandem
1901 1332 2023 1393 vim
2051 1331 2346 1392 haberent
2372 1349 2530 1392 nova
2554 1332 2861 1405 vocabula,

516 1425 587 1481 ut
624 1415 939 1482 ‘suavitas'
979 1425 1042 1480 et
1078 1415 1457 1495 ‘suavitudo',
1495 1440 1533 1481 a
1571 1414 1790 1481 ‘suavi'
1801 1445 1817 1498 3
1854 1425 1962 1481 aut
1998 1421 2100 1496 ita,
2137 1424 2207 1480 ut
2244 1441 2317 1482 ex
2352 1423 2525 1497 parte
2560 1421 2721 1482 idem
2758 1441 2860 1482 va-

509 1511 705 1570 lerent
731 1511 900 1570 velut
938 1501 1368 1588 ‘medicina'⁸²)
1407 1529 1476 1570 ex
1514 1513 1689 1586 parte
1716 1512 1953 1570 tantum
1981 1509 2141 1570 idem
2170 1511 2346 1586 valet,
2384 1509 2544 1587 quod
2582 1503 2859 1570 ‘medica-

511 1592 803 1659 mentum'
844 1589 947 1680 (ex
981 1603 1154 1675 parte
1191 1600 1350 1676 quod
1388 1593 1687 1675 ‘opificina
1721 1593 2005 1678 medici').

688 1689 781 1747 Ea
807 1706 948 1748 vero
985 1707 1106 1748 nou
1143 1689 1423 1765 excerpsi,
1463 1707 1615 1765 quae
1646 1692 1754 1748 aut
1789 1706 1955 1747 mera
1990 1687 2360 1748 deminutiva
2396 1690 2616 1762 essent,
2657 1681 2859 1765 ‘aqua'

514 1770 794 1854 ‘aquola',
833 1780 964 1853 aut,
1003 1780 1073 1837 ut
1110 1770 1230 1838 ‘lis'
1271 1770 1603 1854 ‘litigium'‚
1640 1777 1798 1837 idem
1836 1777 1962 1836 fere
2000 1777 2411 1854 significarent
2448 1777 2717 1854 quidem,
2756 1779 2863 1838 sed

512 1868 716 1925 tamen
751 1867 1012 1925 alterum
1047 1866 1125 1925 ab
1163 1867 1357 1926 altero
1395 1869 1557 1926 esset
1593 1866 1948 1926 derivatum.

690 1954 801 2014 His
831 1954 1034 2013 addidi
1065 1955 1247 2014 etiam
1275 1955 1621 2031 composita,
1660 1955 1714 2015 si
1740 1955 1898 2014 idem
1926 1954 2351 2032 significarent,
2380 1956 2474 2014 ut:
2514 1955 2858 2032 malignitas
2896 1955 2915 1974 “

515 2069 597 2091 =
639 2043 984 2104 malitia—
901 2069 984 2092 =
1014 2044 1438 2106 malivolentia.

919 2169 1104 2230 abitio
1143 2161 1242 2250 (1)
1827 2168 2028 2229 abitus
2068 2169 2105 2228 5

917 2259 1148 2319 advena
1185 2260 1222 2318 3
1827 2258 2117 2318 adventor
2156 2258 2193 2316 3

917 2347 1285 2426 aegrimonia.
1325 2349 1360 2406 2
1828 2347 2142 2422 aegritudo
2184 2349 2213 2404 1
2228 2349 2265 2406 9

917 2437 1090 2513 algor
1131 2439 1164 2494 1
1702 2487 1725 2514 ,
1828 2436 2002 2511 algus
2044 2437 2080 2494 3

866 2533 898 2585 5
918 2525 1286 2586 architecton
1323 2526 1360 2585 3
1826 2525 2190 2585 architectus
2232 2526 2267 2585 7

917 2614 1294 2675 benefactum
1336 2616 1416 2673 12
1606 2612 1619 2626 “
1825 2612 2179 2673 beneficium
2220 2613 2299 2672 15

917 2704 1114 2763 cantio
1152 2706 1193 2763 4
1828 2707 2038 2762 cantus
2081 2706 2114 2761 1

920 2793 1116 2853 censio
1162 2795 1198 2852 2
1826 2810 2038 2851 census
2081 2793 2116 2850 2

919 2880 1142 2941 cibaria
1177 2881 1286 2941 NP
1327 2886 1360 2941 1
1827 2881 2058 2941 cibatus
2100 2884 2130 2939 1

832 2982 898 3030 10
919 2990 1244 3047 cognomen
1285 2973 1320 3030 2
1829 2972 2289 3047 cognomentum
2328 2971 2365 3029 3

917 3060 1189 3120 columen
1227 3062 1267 3118 4
1828 3059 2103 3119 columna
2140 3060 2177 3118 3

917 3149 1277 3224 compressio
1319 3151 1352 3206 1
1828 3165 2203 3223 compressus
2244 3149 2281 3207 3

917 3237 1232 3297 concilium
1270 3240 1310 3296 4
1827 3236 2289 3298 conciliabulum
2328 3238 2364 3295 2

916 3326 1221 3387 consuetio
1265 3330 1296 3385 1
1826 3325 2191 3385 consuetudo
2233 3327 2270 3386 5
2299 3339 2341 3361 ·

833 3424 897 3474 15
917 3415 1317 3476 cruciabilitas
1359 3419 1389 3474 1
1429 3411 1454 3496 ΙΙ
1489 3415 1955 3482 cruciamentum
1994 3416 2030 3472 2
2069 3408 2091 3491 ΙΙ
2126 3414 2423 3475 cruciatus
2469 3418 2545 3475 18

919 3505 1255 3564 cubiculum
1304 3506 1341 3565 5
1825 3503 2023 3563 cubile
2064 3506 2094 3561 1

916 3594 1130 3669 cupido
1171 3596 1208 3652 3
1660 3634 1663 3639 -
1826 3592 2122 3669 cupiditas
2162 3594 2198 3650 2

916 3682 1274 3741 curriculum
1315 3685 1350 3742 2
1387 3677 1410 3761 ΙΙ
1445 3701 1654 3743 cursus
1698 3684 1779 3743 10
1814 3676 1836 3759 ΙΙ
1870 3700 2118 3741 cursura
2158 3684 2191 3741 7

916 3771 1224 3831 custodela
1264 3774 1301 3833 5
1342 3764 1410 3853 (2
1424 3763 1487 3852 *)
1826 3770 2097 3830 custodia
2133 3772 2173 3828 4

827 3871 897 3920 20
917 3859 1178 3919 edictum
1219 3863 1254 3920 2
1825 3859 2042 3919 edictio
2079 3860 2120 3917 4

916 3949 1142 4009 excidio
1186 3953 1219 4008 1
1826 3948 2118 4008 excidium
2160 3950 2191 4006 1

914 4038 1144 4098 facinus
1823 4037 2051 4097 factum

915 4126 1174 4187 fidelitas
1215 4129 1250 4186 2
1823 4126 2041 4185 fiducia
2077 4127 2114 4184 9

916 4216 1169 4277 firmitas
1209 4218 1246 4275 2
1824 4214 2128 4274 firmitudo
2170 4215 2203 4270 1
2235 4248 2288 4262 ψ

653 4351 723 4420 ⁸²)
763 4350 974 4406 Cistell.
1018 4356 1065 4407 1.
1109 4355 1155 4407 1.
1196 4355 1262 4405 ’16
1300 4348 1582 4404 medicina
1611 4374 1678 4395 =-=
1708 4348 2192 4406 medicamentum.
