3060 5083
491 169 625 234 592
1352 167 1701 224 Hermannus
1739 165 1997 224 Rassowa

488 340 736 400 collecta
782 340 1104 398 secundum
1155 339 1605 400 terminationes
1653 339 1945 415 disposui,
1999 340 2155 398 unde
2204 358 2383 399 verus
2429 339 2663 398 fructus
2710 341 2879 396 tum

489 429 728 488 demum
766 429 1006 508 evadet,
1055 430 1106 488 si
1153 429 1254 487 alii
1293 429 1443 487 alios
1483 429 1798 503 scriptores
1839 429 2047 488 eodem
2082 429 2257 488 modo
2306 428 2726 504 tractaverint,
2776 432 2883 486 ut

488 522 734 578 cunctae
781 519 1109 593 comparari
1159 517 1392 593 possint
1446 517 1925 595 terminationes,
1984 536 2130 594 quas
2180 518 2587 593 unusquisque
2634 520 2879 576 auctor

489 607 781 667 adhibuit.

667 696 859 754 Simul
887 717 960 755 ex
988 695 1305 773 scheduliS‚
1343 715 1492 772 quas
1523 695 1843 770 conscripsi
1879 695 2365 754 terminationum
2394 697 2611 774 gratia,
2649 695 2876 754 evasit

490 787 895 844 onomasticon
925 786 1440 846 substantivorum
1458 785 1679 859 Plauti,
1702 787 1815 843 et
1798 804 1991 860 1psum
2022 785 2096 844 ad
2128 784 2601 844 emendationem
2630 787 2871 860 poetae

489 875 900 937 adiumentum
936 894 1056 933 non
1093 875 1319 934 inutile.

670 965 910 1022 Putarit
945 964 1242 1040 quispiam
1278 963 1539 1022 nondum
1580 981 1710 1022 esse
1747 966 1982 1038 tempus
2020 963 2197 1021 huius
2236 963 2430 1038 operis
2462 962 2865 1039 suscipiendi,

491 1072 624 1112 cum
655 1053 942 1111 editiones
973 1053 1235 1111 omnium
1265 1053 1468 1110 Plauti
1504 1052 1849 1110 fabularum
1882 1070 2000 1110 non
2030 1071 2100 1110 ea
2127 1052 2241 1110 fide
2277 1054 2520 1110 exactae
2550 1052 2687 1124 sint,
2726 1071 2871 1126 qua

491 1142 793 1200 tutissime
828 1142 1181 1200 innitamur:
1219 1142 1330 1200 hoc
1367 1141 1607 1217 quidem
1637 1140 1851 1200 merito
1882 1141 2295 1216 Kampmanno
2325 1140 2709 1217 obiciebatur,
2740 1141 2867 1215 qui

491 1250 645 1290 anno
683 1232 862 1290 huius
911 1231 1134 1290 saeculi
1179 1231 1637 1306 quadragesimo
1684 1231 1873 1289 altero
1918 1233 1980 1288 et
2023 1231 2232 1306 quinto
2270 1230 2343 1288 de
2383 1223 2547 1288 ‘AB'
2587 1231 2649 1287 et
2686 1223 2812 1286 ‘IN
2840 1223 2867 1249 ⁹

491 1320 996 1394 praepositionum
1025 1339 1139 1378 usu
1165 1319 1444 1378 Plautino
1475 1319 1735 1378 scribere
1766 1319 2051 1396 suscepit3
2082 1320 2184 1378 sed
2216 1319 2747 1393 substantivorum,
2776 1321 2869 1375 ut

491 1427 612 1467 non
649 1411 742 1468 est
779 1413 983 1468 tantus
1021 1428 1332 1482 numerus,
1371 1409 1444 1466 de
1491 1408 1708 1484 quibus
1747 1409 2089 1484 ambigatur
2121 1401 2378 1487 (quippe
2426 1408 2578 1483 quae
2614 1427 2735 1466 non
2775 1425 2865 1464 ex

493 1497 724 1556 duabus
773 1502 1009 1557 tantum
1063 1498 1256 1557 literis
1313 1497 1611 1573 constent,
1667 1516 1860 1572 neque
1918 1516 2105 1572 aeque
2151 1497 2329 1556 facile
2375 1497 2596 1556 omissa
2642 1497 2765 1555 sint
2812 1515 2864 1553 a

494 1577 806 1668 librariis),
843 1587 931 1646 ita
967 1588 1080 1646 hoc
1115 1588 1513 1662 reputandum
1554 1589 1663 1660 est,
1692 1573 2009 1661 de'quibus
2038 1605 2193 1644 nunc
2222 1586 2371 1644 certi
2396 1586 2548 1644 nihil
2575 1585 2863 1661 proferre

493 1694 830 1758 possumus,
871 1675 944 1734 de
983 1695 1188 1734 eorum
1227 1677 1485 1734 maxima
1520 1678 1694 1750 parte
1732 1675 1858 1733 fore
1900 1677 2080 1734 etiam
2122 1678 2262 1750 post
2296 1675 2519 1734 multos
2559 1693 2744 1734 annos
2778 1678 2863 1732 et

495 1765 783 1841 editores,
838 1767 907 1823 ut
953 1769 1182 1824 certum
1231 1765 1424 1824 dicere
1472 1783 1839 1841 nequeamus
1892 1769 2138 1840 propter
2182 1764 2446 1823 codicum
2504 1769 2859 1824 nostrorum

495 1854 897 1915 condicionem
932 1853 1217 1930 iniquam.

673 1943 927 2002 Miratus
967 1963 1098 2004 sum
1136 1962 1524 2020 permagnum
1556 1961 1871 2001 numerum
1902 1943 2429 2014 substantivorum,
2468 1961 2621 2019 quae
2660 1943 2859 2001 semel

495 2033 730 2090 tantum
779 2033 937 2107 apud
984 2033 1267 2092 Plautum
1313 2034 1629 2108 leguntur3
1680 2035 1860 2108 atque
1907 2051 2041 2091 cum
2086 2035 2265 2091 antea
2310 2051 2611 2091 censerem
2657 2051 2728 2090 ex
2778 2051 2855 2090 eo

495 2121 625 2198 ipso
664 2121 888 2197 aliquid
927 2121 1268 2198 argumenti
1306 2121 1509 2197 colligi
1546 2139 1721 2196 posse
1760 2121 1835 2179 ad
1884 2121 2229 2180 iudicandos
2277 2121 2583 2196 prologOS,
2630 2121 2681 2180 si
2728 2139 2855 2195 qua

499 2211 878 2270 substantiva
911 2210 974 2268 in
1011 2211 1231 2270 fabulis
1269 2211 1415 2286 ipsis
1443 2227 1567 2270 non
1601 2213 2004 2270 occurrerent:
2042 2210 2163 2269 iam
2199 2210 2485 2284 intellego
2522 2210 2661 2268 inde
2697 2211 2859 2268 nihil

495 2318 670 2374 posse
716 2300 959 2374 probari
1003 2303 1111 2358 aut
1153 2299 1496 2375 improbari.
1572 2299 1847 2374 Exempli
1901 2300 2099 2374 gratia
2143 2301 2205 2357 in
2252 2301 2379 2358 403
2438 2299 2858 2371 substantivis,

497 2407 649 2462 quae
687 2407 723 2447 a
760 2388 938 2448 litera
976 2382 1085 2448 eP'
1125 2389 1444 2466 incipiunt,
1499 2390 1621 2447 168
1663 2388 1949 2466 singuliS,
1984 2389 2109 2447 235
2149 2387 2422 2462 pluribus
2459 2388 2604 2446 locis
2643 2388 2859 2464 legun-

496 2482 614 2550 tur,
653 2476 804 2536 etin
839 2480 983 2554 190,
1021 2497 1172 2554 quae
1202 2497 1238 2536 a
1264 2478 1444 2536 litera
1481 2470 1605 2552 eL',
1648 2481 1727 2538 79
1762 2477 2013 2554 singulis
2043 2479 2375 2551 occurrunt,
2420 2480 2537 2536 111
2572 2477 2859 2553 pluribus

501 2568 667 2627 locis..
743 2566 804 2625 si
842 2568 916 2626 ad
957 2572 1238 2627 centenos
1275 2568 1609 2644 referimus,
1649 2586 1721 2626 ex
1757 2571 2012 2643 utroque
2050 2585 2297 2625 numero
2336 2566 2621 2627 efficitur:

1134 2730 1183 2796 P
2139 2732 2187 2796 L
2319 2759 2325 2767 ·

689 2882 938 2936 substva.
1067 2883 1239 2936 semel
1319 2847 1328 2989 1
1381 2882 1604 2951 saepius
1660 2848 1679 2995 11
1734 2883 1979 2937 substva.
2100 2834 2273 2938 semel
2352 2846 2359 2989 1
2413 2880 2635 2950 saepius

753 3054 918 3135 4037
979 3006 1220 3221 14168
1318 3010 1512 3221 1·5
1431 3055 1559 3112 235
1662 3010 1681 3223 11
1794 3054 1919 3111 190
2014 3008 2228 3221 19
2354 3000 2682 3221 1-ῌ*
2470 3054 2591 3109 111

756 3142 883 3199 100
1795 3144 1920 3201 100
2510 3141 2592 3198 59

749 3229 2607 3267 s——v———ffl

1144 3287 1316 3344 100:
1346 3286 1474 3344 40:
1509 3285 1840 3345 60=5.
1874 3286 1957 3342 2;
1988 3286 2047 3343 3.

678 3442 890 3520 Itaque
927 3442 1176 3503 Poenuli
1218 3446 1274 3503 3.
1310 3448 1365 3503 1.
1397 3448 1476 3504 67
1517 3464 1638 3503 non
1672 3447 1991 3519 propterea
2040 3442 2327 3519 Gepperti
2365 3443 2705 3503 coniectura

743 3578 922 3663 ‘quin
958 3586 1139 3647 etiam
1178 3588 1506 3647 deciderint
1541 3588 1711 3648 vobis
1749 3587 2063 3645 fulmina
2098 3588 2160 3645 in
2196 3587 2353 3646 talos
2390 3579 2605 3647 velim'

499 3726 798 3789 reicienda
835 3732 950 3805 est,
1002 3730 1160 3805 quod
1198 3723 1486 3789 ‘fulmen’
1538 3730 1655 3789 alio
1700 3731 1829 3790 loco
1877 3730 2036 3807 apud
2077 3730 2361 3791 Plautum
2407 3749 2527 3789 non
2574 3730 2846 3806 occurrit,

501 3818 604 3878 sed
643 3817 801 3894 quod
837 3837 944 3878 nec
991 3818 1142 3879 bene
1192 3812 1537 3879 ‘decidunt'
1583 3821 1861 3899 fulmina,
1907 3822 2087 3880 immo
2136 3820 2294 3879 enim
2340 3820 2665 3894 iaciuntur,
2710 3819 2846 3879 mit-

500 3910 728 3981 tuntur,
767 3911 1148 3983 sparguntur,
1180 3912 1240 3968 et
1269 3910 1406 3969 talis
1439 3929 1649 3969 sensus
1679 3929 1795 3970 non
1825 3909 2101 3969 convenit
2126 3929 2260 3968 cum
2288 3928 2469 3969 versu
2496 3908 2846 3984 insequenti.

501 3996 631 4067 Qua
682 3998 744 4053 in
789 4016 853 4055 re
908 4001 1056 4072 puto
1111 3997 1414 4057 Loewium
1470 3998 1769 4059 invenisse
1822 4003 2079 4076 rectum,
2136 3999 2237 4074 qui
2291 3998 2603 4056 Ritschelii
2657 3998 2848 4057 forma

502 4104 644 4145 usus
659 4076 712 4165 ⁰)
761 4080 1112 4145 ‘feminora'
1159 4088 1296 4147 huic
1345 4088 1541 4147 versui
1589 4088 1928 4148 vindicavit.
2004 4087 2258 4147 Omnino
2309 4088 2497 4163 igitur
2534 4079 2844 4159 ‘fulmina’

501 4175 608 4234 illa
644 4174 850 4235 abieci.

647 4362 690 4434 ⁶)
731 4361 849 4416 Act.
891 4380 1000 4419 soc.
1040 4362 1190 4434 Lips.
1228 4362 1306 4419 IV
1343 4383 1398 4434 p.
1438 4369 1559 4419 346.
