3060 5083
33 869 91 886 K

1053 217 1136 271 De
1173 215 1362 272 Plauti
1397 214 1782 272 substantivis.
2456 215 2589 281 625

239 386 519 461 poneret:
593 378 891 444 ‘Iudicem
963 403 1315 462 graecorum
1384 385 1813 444 vocabulorum
1876 386 1937 443 in
2001 384 2268 461 linguam
2340 385 2591 444 latinam

242 473 725 534 translatorum‘.
800 472 896 532 Ad
944 493 1122 551 quem
1161 466 1508 533 ‘Addenda'
1546 473 1898 549 conscripsit
1932 473 1993 531 in
2030 466 2591 552 prog1·ammate.⁸⁴)

239 563 450 622 Paullo
489 567 667 622 antea
701 553 936 643 (1876)
975 564 1039 621 in
1076 563 1496 622 dissertatione
1536 562 1909 622 Berolinensi
1946 562 2019 621 N.
2052 562 2099 620 I.
2138 562 2592 622 Tuehhaendler

240 653 678 712 incommodum
703 651 1125 728 gravissimum
1154 641 1630 732 indicaverat35),
1651 669 1768 728 quo
1794 651 2035 711 laborat
2054 649 2362 710 Saalfeldii
2389 651 2590 712 index:

239 735 636 800 ‘Saalfeldius
697 741 882 816 enim,
938 761 1071 801 cum
1120 741 1183 799 in
1228 741 1423 800 indice
1469 738 1828 800 conficiendo
1874 740 1935 798 id
1981 739 2235 800 maxime
2292 743 2591 816 spectasse

236 831 540 904 videatur,
589 833 661 889 ut
707 849 778 888 ex
825 830 1170 890 collectione
1217 830 1423 890 oblata
1466 830 1659 905 leges,
1707 849 1861 905 quae
1908 830 1971 888 in
2016 830 2248 906 graecis
2286 825 2593 890 vocabulis

238 919 596 994 recipiendis
637 919 796 995 apud
826 919 1122 979 Romanos
1160 919 1478 992 valuerint,
1518 919 1647 977 erui
1682 921 1943 994 possent,
1974 937 2101 977 rem
2136 918 2223 977 ita
2260 917 2593 994 instituere,

233 1010 308 1066 ut
337 1007 622 1066 historiae
652 1009 894 1084 linguae
923 1008 1149 1067 latinae
1177 1008 1415 1068 omnino
1445 1008 1801 1081 consuleret,
1838 1007 2015 1082 plane
2053 1001 2359 1084 neglexit?
2398 1027 2445 1067 e.
2468 1027 2523 1084 q.
2546 1027 2592 1068 s.

235 1096 552 1156 Saalfeldii
596 1097 850 1156 indicem
900 1115 1034 1156 cum
1088 1098 1422 1157 accuratius
1478 1096 1938 1170 examinassem,
1994 1096 2140 1155 haec
2194 1097 2503 1156 verissime
2557 1085 2613 1156 a‘

235 1184 734 1245 Tuchbaendlero
782 1185 1088 1262 disputata
1134 1205 1265 1246 esse
1311 1185 1607 1261 intellexi3
1652 1185 1805 1243 illud
1852 1184 2088 1261 quidem
2136 1185 2332 1244 minus
2381 1187 2599 1245 acerbe·

235 1274 725 1352 exprobraverim
737 1265 836 1354 ⁸⁶),
875 1276 1033 1352 quod
1061 1275 1348 1335 nonnulla
1374 1275 1669 1335 vocabula
1699 1293 1833 1333 eum
1860 1274 2173 1349 fugerunt3
2212 1274 2324 1333 hoc
2352 1274 2593 1351 quidem

233 1363 524 1422 facillime
561 1366 802 1438 poterat
837 1364 1130 1435 accidere,
1167 1383 1302 1423 cum
1338 1364 1441 1422 ille
1477 1363 1707 1439 primus
1746 1363 2006 1422 omnium
2046 1381 2117 1422 ea
2152 1362 2444 1422 vocabula
2481 1365 2595 1423 col-

232 1452 478 1528 ligeret.
544 1451 699 1511 Tum
727 1451 1012 1527 acerrime
1039 1453 1522 1530 vituperandum,
1560 1451 1720 1529 quod
1751 1441 2295 1531 Tuchhaendler³⁷)
2335 1453 2595 1511 monuit:

235 1535 611 1600 ‘Pessimum
655 1541 882 1600 factum
925 1542 988 1601 in
1037 1542 1260 1602 litteris
1306 1541 1380 1600 de
1429 1542 1637 1617 rebuS,
1694 1541 1767 1600 de
1822 1541 2037 1616 quibus
2084 1540 2188 1600 alii
2234 1543 2304 1598 ut
2348 1541 2423 1598 de
2470 1541 2595 1601 veri

233 1629 536 1688 similibus
583 1632 820 1689 tantum
867 1631 1171 1703 dixerunt,
1226 1631 1348 1688 iam
1391 1649 1503 1705 pro
1549 1633 1725 1704 parte
1773 1647 1880 1687 sua
1935 1632 2242 1705 tamquam
2298 1629 2371 1689 de
2418 1631 2596 1689 certis

234 1719 467 1778 referre
480 1712 516 1791 ’,
574 1719 635 1778 id
681 1719 841 1795 quod
899 1719 1261 1779 Saalfeldius
1309 1738 1428 1778 non
1474 1719 1661 1777 semel
1710 1718 2025 1778 commisit.
2099 1718 2418 1777 Praeterea
2469 1716 2596 1777 e'ius

234 1802 518 1867 ‘normae
531 1801 568 1881 ',
627 1808 784 1867 unde
833 1812 1143 1884 appareat,
1200 1809 1394 1884 qualis
1449 1808 1809 1867 tralatorum
1863 1808 1990 1867 fere
2047 1807 2126 1865 sit
2173 1808 2597 1867 vocabulorum

231 1897 415 1972 ratio,
451 1915 569 1956 non
608 1914 811 1956 omnes
847 1900 1010 1956 recte
1046 1898 1410 1958 constitutae
1448 1899 1609 1957 sunt.
1678 1896 1835 1955 Nam
1871 1896 1921 1954 si
1934 1887 2012 1975 ³⁸)
2048 1897 2273 1978 tralata
2309 1914 2429 1955 non
2468 1915 2605 1956 esse·

233 1986 536 2046 vocabula
581 1984 822 2061 statuit,
871 1987 933 2044 in
979 1986 1194 2061 quibus
1234 1979 1322 2044 ‘f'
1359 1986 1455 2046 vel
1498 1978 1603 2044 ‘b'
1642 1984 1964 2060 respondet
2002 1978 2119 2058 ‘tp'
2160 1986 2220 2043 et
2259 1985 2466 2044 statim
2504 2004 2598 2043 ex-

234 2074 516 2150 cipienda
549 2075 862 2152 nonnulla,
899 2078 970 2134 ut
1007 2067 1308 2151 „‘fagus',
1348 2066 1582 2132 ‘fucus'
1622 2071 1865 2132 cetera“
1898 2075 2027 2155 ipse
2058 2073 2249 2149 affert,
2286 2076 2419 2132 tum
2445 2074 2598 2134 hanc

235 2181 363 2221 non
401 2181 532 2222 esse
571 2156 908 2223 ‘normam'
946 2164 1332 2223 manifestum
1371 2165 1479 2224 est.
2400 2173 2413 2184 ⁶

420 2251 618 2310 Ali-ter
661 2271 728 2311 ac
777 2251 1135 2312 Saalfeldius
1182 2252 1638 2328 Tuchhaendler
1682 2269 1809 2309 rem
1846 2241 2227 2330 instituit39),
2279 2252 2381 2328 qui
2431 2270 2589 2312 nunc

234 2340 482 2416 quidem
519 2341 594 2400 ab
630 2341 800 2400 initio
845 2342 1157 2400 literarum
1203 2359 1446 2402 exorsus
1490 2341 1555 2398 in
1604 2339 1831 2399 Lucilio
1870 2338 2169 2415 substitit,
2219 2333 2385 2398 ‘cum
2432 2342 2587 2401 vires

233 2449 363 2490 non
399 2429 698 2488 sufficiant
735 2431 1157 2506 antiquitatem
1196 2433 1383 2490 totam
1413 2448 1530 2488 uno
1568 2429 1807 2488 incessu
1835 2430 2205 2504 perlustrare
2234 2429 2296 2487 et
2322 2433 2592 2503 praestet

238 2515 406 2578 intra
452 2518 601 2577 fines
651 2519 896 2597 exiguos
943 2536 1132 2596 pauca
1179 2519 1420 2596 quidem
1465 2516 1784 2578 dummodo
1832 2520 1997 2577 certa
2042 2511 2360 2593 proferre'.
2426 2518 2596 2579 Hanc

239 2608 488 2684 quidem
513 2627 696 2667 unam
725 2628 857 2668 esse
885 2609 1043 2669 viam
1073 2628 1301 2683 censeo,
1329 2628 1448 2684 qua
1476 2608 1703 2683 aliquid
1730 2606 2017 2682 proficere
2044 2607 2371 2684 possimus3
2412 2628 2598 2668 unum

240 2697 442 2769 doleo,
481 2698 637 2773 quod
676 2698 1130 2758 Tuchhaendler
1167 2698 1432 2757 omnium
1471 2716 1677 2756 earum
1714 2714 1927 2755 vocum
1963 2696 2125 2755 locos
2165 2697 2394 2774 omisit,
2441 2717 2596 2774 quae

240 2787 297 2845 ei
336 2786 594 2845 tralatae
629 2804 747 2847 non
784 2786 1090 2860 videntur,
1136 2806 1256 2846 non
1301 2786 1475 2847 modo
1519 2804 1753 2859 earum,
1802 2803 1955 2860 quae
1994 2784 2049 2843 ei
2087 2784 2224 2859 soli,
2272 2787 2377 2845 sed
2416 2786 2596 2846 etiam

239 2894 480 2947 earum,
534 2894 682 2950 quas
726 2876 856 2951 ipse
905 2869 1005 2935 ‘ut
1055 2875 1308 2953 caligine
1353 2868 1578 2934 tectas'
1636 2875 1698 2931 in
1754 2874 1949 2933 medio
2004 2874 2306 2949 relinquit.
2380 2875 2596 2952 Itaque

241 2964 514 3039 cogimur
567 2965 670 3022 uni
725 2966 853 3024 viro
911 2965 1179 3039 credere,
1238 2964 1397 3039 quod
1453 2963 1674 3022 iniuria
1718 2962 2014 3038 postulari
2056 2981 2132 3021 ne
2179 2964 2307 3037 ipse
2358 2965 2601 3041 quidem

238 3051 506 3128 negabit.
563 3052 762 3129 Atque
800 3054 863 3112 in
901 3053 1152 3131 singulis
1191 3052 1432 3113 vocibus
1463 3071 1576 3127 ego
1613 3070 1846 3128 quoque
1876 3051 2115 3126 saepius
2144 3070 2181 3109 a
2210 3051 2595 3112 Tuchhaend-

240 3142 369 3200 lero
409 3140 725 3218 dissentiO,
765 3144 922 3219 quod
961 3161 1032 3201 ex
1068 3140 1555 3201 adnotationibus
1593 3132 1836 3220 meis40)
1876 3140 2153 3215 cognosci
2190 3143 2408 3215 potest.

426 3230 709 3306 Magnam
745 3234 979 3306 partem
1023 3232 1292 3291 locorum
1327 3230 1774 3305 Plautinorum,
1798 3237 1972 3305 ‘quos
2013 3228 2472 3289 Tuchhaendler
2509 3234 2597 3290 at-

241 3318 406 3392 tulit,
443 3319 784 3394 comparavi
821 3338 956 3378 cum
993 3321 1108 3395 eiS,
1145 3338 1294 3395 quos
1331 3320 1458 3394 ipse
1497 3318 1791 3394 excerpsi3
1841 3321 1903 3376 et
1938 3336 2301 3393 quamquam
2339 3319 2599 3395 plurima

239 3409 405 3466 recte
443 3408 780 3483 perscripta
817 3411 974 3484 sunt,
1011 3410 1214 3467 tamen
1250 3409 1398 3467 haec
1433 3407 1637 3466 inveni
1672 3407 1922 3466 omissa:

243 3496 570 3571 ampulla
606 3496 784 3556 Mero.
809 3500 931 3557 927
970 3491 993 3576 ΙΙ
1026 3498 1349 3557 casteria
1382 3496 1549 3555 Asin.
1581 3496 1707 3554 513
1741 3496 1979 3554 omnino
2009 3490 2122 3555 om'.
2158 3489 2180 3574 ΙΙ
2216 3496 2600 3556 cistellula

244 3583 514 3660 Amphit.
544 3586 674 3645 420
704 3589 767 3644 et
807 3588 885 3647 77
895 3589 932 3646 3
972 3606 1090 3647 non
1129 3586 1355 3645 editum
1393 3588 1486 3644 est
1521 3604 1561 3643 a
1588 3584 1993 3660 FleckeisenO,
2032 3585 2137 3643 sed
2174 3586 2429 3660 utroque
2468 3587 2596 3645 loco

247 3666 547 3749 ‘cistula',
593 3675 750 3750 quod
799 3694 1007 3735 versus
1056 3674 1307 3751 flagitat.
1345 3676 1476 3733 420
1523 3673 1761 3732 cistella
1808 3673 2001 3747 codd.,
2045 3675 2079 3732 7
2089 3676 2168 3733 73
2217 3673 2531 3735 cistellula.
2582 3666 2599 3755 Ιξ

247 3761 388 3821 elle
403 3764 620 3822 horus
654 3762 807 3822 falso
846 3767 914 3823 ut
951 3763 1168 3823 nomin.
1201 3763 1352 3839 sing.
1383 3762 1699 3838 scriptum;
1739 3780 1878 3819 nam
1916 3780 1986 3820 ex
2026 3760 2257 3819 duobus
2289 3762 2598 3822 Menaech-

245 3868 482 3908 morum
527 3851 800 3911 versibus
825 3853 995 3911 mihil
1042 3852 1300 3911 efficitur
1349 3856 1410 3911 et
1455 3850 1671 3910 Pseud.
1713 3852 1880 3909 1185
1921 3849 2060 3909 libri
2098 3868 2233 3907 cum
2271 3850 2599 3911 editoribus

248 3939 323 3997 ad
352 3958 538 3997 unum
578 3933 954 3999 ‘elleborum'
990 3942 1286 4013 exhibent,
1326 3958 1476 4015 quae
1503 3939 1699 3997 forma
1725 3956 1761 3995 a
1793 3937 2283 3999 Tuchhaendlero
2313 3935 2435 3999 iam
2463 3960 2599 4000 cum

249 4026 492 4087 Catonis
530 4029 658 4087 loco
688 4048 734 4086 r.
763 4047 813 4089 r.
845 4030 988 4102 157,
1024 4032 1101 4088 12
1141 4036 1302 4089 recte
1341 4029 1630 4087 adnotata
1668 4028 1813 4087 erat.
1850 4021 1871 4105 ΙΙ
1906 4028 2085 4086 hora
2121 4029 2283 4103 apud
2320 4030 2600 4089 Plautum

247 4115 460 4176 Pseud.
496 4118 692 4194 13043
732 4118 855 4177 Mil.
889 4120 1034 4195 212,
1073 4118 1310 4177 omnino
1340 4118 1579 4176 omissa.
1614 4110 1637 4194 ΙΙ
1669 4116 2013 4175 lanterna
2048 4117 2283 4177 omnino
2313 4118 2600 4178 omissum

395 4321 462 4388 ³⁴)
501 4322 765 4381 wetzlar.
807 4320 960 4378 1877.
1020 4352 1089 4362 -
1147 4322 1214 4391 ⁸⁵)
1250 4322 1314 4376 P.
1352 4322 1444 4376 111.
1503 4352 1573 4362 -
1633 4320 1701 4391 ³⁶)
1742 4322 1955 4375 Tnchh.
1993 4340 2045 4391 p.
2084 4320 2177 4375 1v.
2218 4352 2283 4359 -
2326 4319 2393 4388 ε’)
2435 4320 2491 4375 P.
2530 4326 2599 4373 25

253 4392 378 4446 adn.
419 4399 470 4449 2.
509 4423 578 4433 —
617 4393 685 4462 ³⁸)
726 4394 844 4449 lna.
882 4413 936 4463 p.
975 4392 1096 4448 v11.
1133 4424 1204 4433 —
1244 4394 1310 4462 ³⁹)
1351 4394 1415 4448 P.
1454 4392 1553 4447 111.
1593 4424 1663 4432 -
1702 4392 1769 4459 ⁴⁰)
1807 4393 1867 4447 Ρ.
1909 4399 2029 4446 633.

361 4492 392 4533 J
395 4492 522 4532 ahrb.
543 4492 574 4533 f.
595 4492 729 4533 class.
750 4491 916 4531 Philol.
946 4491 1102 4541 Suppl.
1121 4492 1204 4532 Bd.
1217 4493 1325 4532 XII.
2107 4488 2172 4534 41
