3060 5083
493 216 627 279 634
1345 215 1693 270 Hei-mannus
1732 215 1986 269 Rassow:

1510 404 1569 460 2.
1626 419 1810 462 cera.

665 507 1122 568 Tuchhaendler
1167 509 1315 568 haec
1361 509 1657 584 disputat:
1706 501 1984 568 ‘Curtius
2034 510 2095 569 et
2135 507 2377 568 Fickius
2425 506 2501 567 ad
2550 511 2839 587 tempora,

487 597 705 674 quibus
745 596 957 656 Graeci
993 600 1055 657 et
1087 597 1342 658 Romani
1377 598 1639 658 nondum
1680 597 1907 674 singuli
1952 597 2160 674 populi
2205 597 2351 657 facti
2388 601 2583 674 erant,
2633 617 2842 658 vocem

485 686 712 746 referre
757 685 1054 746 videntur.
1128 685 1243 746 Sed
1291 705 1460 746 cerae
1502 705 1677 744 usum
1732 689 1874 746 tunc
1922 687 2042 745 iam
2094 687 2308 763 fuisse,
2356 686 2667 762 probabile
2718 707 2841 747 non

487 780 604 835 est:
650 775 968 836 translatio
1006 775 1194 851 igitur
1232 775 1570 836 statuenda.
1643 775 1732 835 De
1770 794 1889 851 qua
1924 778 2173 852 propter
2210 768 2352 834 ²·us'
2391 775 2453 833 in
2493 768 2599 834 e-a’
2646 778 2839 835 muta-

486 869 618 925 tum
652 863 779 924 noli
807 864 1109 925 dubitare:
1151 868 1244 924 est
1271 865 1429 924 enim
1466 864 1703 940 generis
1741 864 2013 941 mutatio,
2052 883 2207 940 quae
2235 863 2298 922 in
2324 864 2565 924 tralatis
2597 865 2837 942 saepius

486 955 647 1013 facta
684 943 902 1034 est’.4⁵)
956 983 1034 994 —-
1085 951 1322 1013 Omissa
1371 954 1719 1030 quaestione
1758 954 1831 1012 de
1874 956 2143 1029 tempore
2191 946 2640 1013 ‘Graecitalico’
2690 949 2841 1033 (qua

487 1043 549 1101 in
603 1062 670 1102 re
715 1061 827 1118 ego
876 1061 1009 1102 cum
1054 1043 1180 1102 Ioh.
1220 1035 1631 1122 Schmidtio‘ffi)
1676 1037 1860 1124 facio)
1908 1042 2145 1102 omnino
2192 1061 2435 1101 causam
2480 1061 2598 1101 non
2644 1042 2837 1118 vide0,

490 1132 542 1208 si
582 1124 760 1209 ‘apis'
791 1156 874 1178 =
905 1125 1087 1205 ἐμπίς
1117 1156 1201 1178 =
1229 1151 1416 1208 germ.
1445 1131 1617 1191 imbi:
1658 1135 1719 1190 et
1756 1124 1919 1190 ‘mel'
1955 1156 2039 1178 ==
2078 1128 2218 1205 μέλι
2247 1157 2332 1178 =
2362 1134 2488 1208 got.
2525 1131 2721 1192 milith
2750 1159 2836 1180 =

487 1221 717 1280 hibern.
753 1219 892 1279 mil:
943 1239 1050 1280 cur
1085 1220 1205 1280 illis
1248 1219 1679 1297 antiquissimis
1718 1220 2087 1296 temporibus
2126 1213 2366 1279 ‘ceram'
2410 1219 2836 1295 abiudicemuS,

487 1311 646 1389 quod
684 1334 768 1356 =
806 1303 998 1384 κηρός
1048 1335 1132 1356 =
1179 1309 1390 1368 lituan.
1435 1301 1699 1388 koris.⁴⁷)
1750 1339 1833 1350 --·
1880 1310 2070 1368 Ιιιιιιιο
2117 1309 2221 1368 ubi
2266 1327 2408 1385 apes
2456 1314 2517 1369 et
2562 1310 2703 1383 mel,
2752 1311 2837 1369 ibi

490 1399 672 1477 etiam
710 1417 907 1458 ceram
944 1397 1007 1456 in
1041 1417 1156 1457 usu
1193 1397 1379 1458 fuisse
1417 1397 1726 1475 probabile
1766 1401 1876 1458 est.
1932 1397 2094 1468 Quae
2124 1417 2259 1457 cum
2284 1399 2372 1458 ita
2408 1397 2545 1473 sint,
2584 1398 2837 1458 adicien-

486 1489 628 1546 dum
677 1490 771 1548 est
815 1486 1063 1546 latinam
1108 1506 1314 1547 vocem
1360 1487 1543 1548 etiam
1590 1487 1746 1546 alius
1794 1487 2034 1564 generis
2082 1505 2237 1561 esse,
2294 1491 2476 1563 atque
2529 1506 2829 1565 graecam3

487 1577 630 1636 licet
666 1577 860 1638 solum
895 1576 1044 1634 illud
1081 1596 1199 1637 non
1249 1577 1393 1636 satis
1438 1577 1516 1636 sit
1553 1578 1628 1636 ad
1676 1576 2143 1653 impugnandam
2180 1576 2655 1636 Tuchhaendleri
2702 1595 2834 1636 sen-

482 1666 754 1725 tentiam.
1682 1667 1707 1692 ‘

1401 1791 1458 1849 3.
1515 1789 1911 1848 cincinnus,

664 1897 824 1972 mclx,
870 1895 1010 1973 Vgl.
1048 1895 1348 1956 Worterb.
1388 1897 1441 1956 d.
1481 1897 1690 1974 Indog.
1729 1887 2087 1972 Grundspr?
2124 1917 2180 1973 p.
2218 1899 2345 1957 439
2388 1915 2521 1956 cum
2558 1892 2837 1958 κίκιννοε

487 1985 795 2062 coniungit
848 1985 952 2045 lat.
1003 1985 1336 2059 cincinnus,
1391 1985 1617 2047 nomini
1672 1979 2112 2045 ‘Cincinnatus'
2164 1986 2377 2046 deinde
2422 1985 2593 2074 addit
2642 1979 2835 2068 (ent-

486 2075 654 2134 lehnt
665 2068 768 2155 ?)’.
833 2075 964 2150 Ego
1003 2093 1140 2134 cum
1179 2073 1501 2135 Saalfeldio
1542 2075 2153 2150 Tuchhaendleroque
2193 2075 2361 2150 facio,
2404 2067 2508 2151 qui
2512 2077 2839 2136 tralatum

487 2165 802 2224 duxerunt.
894 2164 1051 2223 Nam
1105 2165 1261 2239 quod
1317 2159 1466 2222 mihi
1519 2163 1711 2239 primo
1767 2164 2008 2224 obstare
2066 2164 2386 2224 videbatur
2442 2158 2836 2225 Cincinnati'

489 2271 844 2328 cognomen,
881 2252 1164 2328 inspectis
1201 2253 1374 2312 fastis
1418 2252 1829 2314 consularibus
1866 2253 1987 2312 iam
2022 2272 2142 2313 non
2176 2253 2601 2330 impedimento
2637 2254 2839 2315 iudico

489 2361 647 2416 esse3
701 2345 840 2401 ante
883 2341 1144 2418 primum
1191 2342 1347 2402 enim
1394 2340 1811 2402 Cincinnatum
1860 2340 1963 2401 Cn.
2011 2342 2302 2401 Manlium
2346 2361 2461 2403 cos,
2514 2345 2643 2404 274
2686 2364 2745 2404 ιι.
2786 2364 2837 2404 c.

487 2431 608 2490 iam
645 2449 799 2490 anno
839 2432 966 2492 256
1006 2452 1065 2492 ιι.
1101 2450 1148 2490 c.
1224 2431 1290 2502 Q.
1331 2429 1591 2492 Cloelius
1630 2424 1921 2490 ‘Siculus'
1969 2433 2285 2508 peregrino
2324 2433 2672 2508 cognomine
2706 2436 2839 2492 ute-

486 2521 682 2581 batur.
754 2519 968 2581 Paullo
1010 2523 1150 2632 post
1197 2522 1322 2581 293
1373 2519 1440 2581 P.
1478 2519 1836 2580 Volumnius
1882 2513 2180 2599 Gallus'3
2229 2523 2356 2583 304
2401 2521 2717 2583 Decemvir
2764 2521 2837 2593 Q.

487 2608 790 2669 Poetelius
830 2603 1063 2686 Libo'3
1103 2611 1230 2671 309
1270 2610 1335 2681 Q
1375 2608 1618 2669 Curtius
1657 2603 1903 2685 ‘Philo',
1942 2613 2051 2670 cet.

1454 2790 1511 2849 4.
1562 2788 1863 2849 culleus

663 2895 892 2955 Iniuria
928 2894 1386 2955 Tuchhaendler
1423 2899 1484 2955 et
1513 2894 1872 2956 Saalfeldius
1911 2915 1948 2955 a
1983 2914 2199 2973 graeco
2235 2890 2462 2956 κολεόε
2500 2888 2644 2973 (ion.
2681 2912 2835 2955 κου-

487 2976 670 3065 λεόε)
691 2985 935 3045 ductum
954 2988 1188 3061 putant,
1216 3003 1356 3044 nam
1383 2986 1617 3045 nullum
1636 2986 1993 3045 vocabulum
2020 2986 2133 3044 hoe
2160 2985 2407 3045 latinius
2438 2986 2546 3045 est.
2586 2984 2837 3045 Culleus

387 3064 395 3073 ’
489 3074 667 3149 enim,
703 3074 1002 3153 cullearis‚
1040 3073 1305 3151 quJiola3
1343 3074 1629 3149 cuculluS,
1667 3075 1928 3153 cuculla,
1965 3074 2234 3149 cucullio,
2274 3074 2503 3133 cuculio
2513 3066 2597 3154 48)
2635 3074 2839 3133 omnia

489 3183 527 3223 a
562 3163 760 3223 radice
809 3164 1047 3223 oc-cul-
1064 3164 1199 3222 endi
1246 3163 1518 3223 derivata
1556 3166 1712 3224 sunt.
1787 3164 1984 3239 Atque
2021 3164 2133 3224 hoc
2167 3164 2364 3239 ipsum
2412 3162 2560 3222 mihi
2594 3163 2840 3223 videtur

490 3270 621 3312 esse
669 3252 1003 3327 exemplum
1049 3252 1334 3327 nominis,
1381 3253 1540 3328 quod
1581 3255 1644 3312 et
1689 3252 2063 3327 reduplicata
2108 3252 2303 3311 forma
2347 3252 2409 3311 in
2445 3272 2559 3312 usu
2605 3255 2736 3311 erat
2775 3257 2841 3312 et

491 3341 744 3417 simplici
800 3333 938 3421 (aut
994 3341 1523 3416 reduplicationem
1584 3340 1882 3401 abiecerat
1940 3344 2186 3417 propter
2244 3341 2523 3402 adiectivi
2579 3341 2839 3401 formam

491 3423 812 3509 ‘culleus').
893 3429 965 3487 Id
1017 3430 1173 3505 quod
1221 3430 1262 3488 J
1265 3431 1522 3491 ordanus
1581 3428 1735 3490 Krit.
1782 3429 2068 3507 Beitrage
2118 3451 2221 3489 zur
2266 3430 2477 3491 Gesch.
2525 3431 2580 3488 d.
2630 3431 2839 3489 latein.

490 3519 750 3594 Sprache
791 3511 1016 3599 (Berol.
1043 3511 1251 3603 1879)
1289 3540 1346 3595 p.
1379 3523 1454 3578 11
1484 3538 1590 3595 sq.,
1628 3522 1691 3579 et
1722 3520 1787 3579 in
1823 3518 2129 3579 Addendis
2165 3540 2223 3595 p.
2254 3522 2379 3580 357
2422 3519 2722 3579 desiderat
2759 3520 2837 3579 de

489 3608 880 3668 Praenestina
916 3608 1186 3668 ci—conia
1223 3607 1551 3685 disputans.

1367 3788 1424 3846 5.
1480 3786 1947 3863 gubernator.

667 3901 1071 3987 Gubernator,
1117 3911 1454 3987 gubernare
1491 3910 1837 3970 Mommsen.
1876 3910 2045 3971 Rom.
2087 3909 2298 3971 Gesch.
2344 3901 2403 3968 1³
2442 3911 2566 3970 195
2616 3911 2751 3972 adn.
2794 3932 2835 3971 a

489 3999 717 4059 Graeco
757 4003 1063 4077 sumptum
1101 4019 1230 4060 esse
1267 3999 1598 4076 contendit,
1634 3999 1883 4059 tacendo
1922 4000 2257 4059 consentire
2293 3999 2533 4059 videtur
2570 3998 2833 4077 Curtius,

633 4188 703 4255 45)
749 4134 906 4244 Idem
953 4189 1124 4245 Saalf.
1182 4187 1382 4243 statuit
1434 4186 1494 4241 in
1544 4186 1975 4270 Programmate
2030 4186 2231 4242 Wetzl.
2282 4191 2435 4242 1877.
2482 4204 2536 4255 p.
2576 4193 2608 4241 2
2630 4204 2711 4267 sq:
2762 4218 2830 4226 —

492 4263 561 4331 ⁴⁶)
609 4259 714 4314 Die
761 4257 1649 4315 Verwandtschaftsverhaltnisse
1703 4260 1799 4313 der
1847 4258 2163 4329 Indogerm.
2214 4257 2514 4327 Sprachen.
2580 4256 2835 4313 Weimar

493 4339 648 4388 1872.
687 4362 750 4370 -
794 4331 864 4401 ⁴⁷)
904 4325 985 4386 Cf.
1026 4331 1276 4386 Curtium
1316 4330 1419 4385 sub
1456 4328 1689 4385 vocibus
1726 4332 1919 4399 κηρός,
1958 4329 2139 4398 ἐμπίς,
2180 4330 2311 4395 μέλι.
2348 4359 2411 4368 -
2457 4328 2525 4397 ⁴⁸)
2563 4327 2832 4388 Vanicek

490 4403 708 4461 Griech.
713 4402 834 4459 ·.lat
875 4402 1118 4473 Etymol.
1157 4402 1436 4458 werterb.
1475 4419 1529 4471 p.
1573 4405 1726 4457 1094.
